3068 4996
664 259 889 327 —19-*

105 487 107 490 ’
153 475 335 540 insolentius
359 475 441 539 dicta
465 475 537 553 sint,
563 473 720 539 mentione
742 493 804 538 non
828 473 957 554 indigua
979 472 1132 542 videntur.
1178 471 1225 535 Ac
1247 471 1382 553 prImum

154 583 280 664 quidem
304 583 341 647 de
364 581 539 659 indicativo,
564 583 634 645 tum
657 582 695 646 de
719 581 912 645 coniunctim
936 579 1092 644 disseram.

621 774 650 842 1.
683 771 913 842 Indicativus.

266 919 352 1000 Cato,
368 920 510 1000 Plautus,
529 919 711 996 Sallustius,
726 920 843 995 Livius,
861 918 998 996 Curtius,
1012 915 1232 997 Quintilianus,
1245 918 1382 995 Tacitus,

156 1027 329 1101 Suetonius,
348 1027 498 1104 lustinus,
522 1045 559 1093 ax
575 1027 794 1111 posterioribus
811 1026 962 1109 imprimis
978 1026 1164 1089 Ammianus
1180 1023 1383 1088 Marcellinus

154 1135 187 1199 ln
203 1135 373 1201 enuntiatis
389 1135 579 1200 secundariis
603 1133 749 1199 orationis
773 1133 917 1216 obliquae
938 1150 1163 1215 nonnunquam
1178 1131 1384 1198 indicativum

155 1261 209 1324 pro
221 1243 415 1308 coniunctim
428 1245 557 1326 ponunt,
575 1243 698 1307 etiamsi
713 1262 750 1306 ex
761 1242 926 1324 loquentis,
943 1260 1003 1306 non
1022 1240 1184 1306 scribentis
1197 1240 1382 1322 cogitatmus
1468 1282 1471 1288 -

155 1367 340 1415 camenam
363 1349 594 1434 intellegitur.*)
634 1350 728 1413 Hunc
751 1368 843 1413 usum
867 1348 1016 1413 Reussius
1040 1348 1060 1412 l.
1077 1367 1101 1414 c.
1120 1366 1148 1430 p.
1175 1350 1212 1412 13
1238 1366 1293 1412 suo
1317 1348 1384 1412 iure

155 1456 240 1520 hunc
262 1458 295 1520 in
310 1458 438 1522 modum
455 1458 601 1541 explicat:
625 1458 772 1539 „scrIptor
796 1456 956 1521 alacritate
973 1454 1095 1520 dloendi
1110 1455 1265 1550 palleatus
1280 1457 1384 1537 partes

156 1564 238 1642 eius,
268 1565 356 1629 cuius
379 1566 428 1630 vel
458 1565 629 1630 sententias
652 1565 701 1630 vel
733 1566 826 1628 verba
853 1564 970 1641 narrat,
1002 1564 1172 1646 suscipIens
1200 1563 1267 1646 ipse
1297 1561 1382 1643 dicit,

156 1671 238 1754 quod
261 1673 300 1737 ab
323 1671 377 1737 illo
401 1672 459 1737 dici
483 1692 500 1737 e
523 1674 750 1738 seutentimum
774 1691 833 1736 usu
858 1675 1084 1754 expectamus‘.

267 1799 328 1863 Hic
352 1817 428 1862 usus
453 1797 536 1881 apud
552 1797 689 1862 Gellium
712 1791 806 1861 latius
831 1816 926 1879 quam
950 1798 1034 1882 apud
1056 1797 1193 1880 priorum
1210 1799 1385 1879 temporum

156 1905 317 1989 scriptores
341 1906 435 1988 patet.
481 1905 565 1970 Nam
596 1909 632 1969 ut
659 1923 721 1968 non
753 1905 852 1970 dIcam
884 1907 922 1970 da
952 1905 1061 1970 ceteris
1085 1904 1253 1969 enuntiatis
1277 1923 1387 1968 secun-

156 2011 258 2091 dariis,
281 2013 362 2077 inter
385 2031 430 2089 ea,
454 2032 534 2095 quae
558 2013 675 2094 ,‚qucd“
698 2014 850 2097 particula
865 2014 1068 2089 inducuntur,
1093 2012 1254 2077 duodecim
1269 2013 1387 2078 inveni-

157 2123 252 2200 untur
275 2121 431 2204 exempla,
466 2122 520 2185 ubi
543 2120 728 2186 indicativus
752 2123 854 2185 exstat
886 2139 940 2203 pro
965 2122 1169 2185 coniunctivo.
1215 2120 1287 2185 Loci
1312 2121 1386 2184 sunt

157 2227 204 2291 hi:
228 2225 270 2307 ΙΙ,
294 2229 325 2306 6,
349 2229 389 2294 3:
415 2229 601 2307 „lnlaudatI'
626 2247 738 2314 parum
756 2228 901 2295 idoneum
918 2247 985 2293 esse
1000 2228 1130 2293 verbum
1145 2227 1262 2306 dicunt,
1286 2246 1387 2310 neque

155 2334 187 2399 id
220 2336 296 2400 satis
331 2355 399 2402 esse
433 2336 473 2402 ad
506 2336 680 2402 facIendam
714 2336 856 2401 scelerati
880 2337 1015 2401 homiuis
1039 2336 1288 2414 detestationem,
1325 2337 1387 2419 qui,

157 2442 239 2524 qnod
260 2443 398 2527 hospites
426 2445 567 2511 omnium
594 2444 736 2526 gentium
763 2445 924 2511 immolare
953 2444 1062 2509 solitus
1086 2443 1162 2523 fuit,
1198 2463 1259 2509 uon
1294 2444 1387 2509 laude

157 2549 316 2634 Indignus,
356 2553 410 2616 sed
445 2552 649 2617 detestatione
684 2553 935 2634 execrationeque
969 2553 1064 2617 totins
1101 2552 1221 2635 generis
1257 2552 1388 2616 humani

158 2659 270 2742 dignus
294 2662 403 2724 esset.“
449 2660 517 2724 Hoc
539 2660 604 2725 loco
620 2660 807 2726 indicativus
831 2679 865 2725 eo
883 2660 1069 2726 Insolentius
1090 2660 1210 2744 positus
1226 2661 1281 2736 est,
1307 2661 1388 2741 qnod

157 2768 191 2831 in
225 2768 385 2832 enuntiato
416 2767 556 2844 relativo,
591 2787 627 2832 ex
661 2786 721 2849 quo
751 2768 949 2833 enuntiatum
982 2786 1018 2832 ex
1050 2767 1168 2851 „quod‘
1200 2786 1388 2849 suspensum

158 2873 280 2959 pendet,
305 2874 517 2940 coniunctivus
541 2877 635 2940 extat.
676 2874 792 2940 Similis
815 2875 978 2941 modorum
1002 2877 1033 2940 ct
1056 2877 1231 2959 temporum
1255 2876 1388 2940 mutatio

158 2981 325 3047 iuvenitur:
349 2979 407 3059 III,
436 2982 485 3061 10,
512 2985 546 3046 6;
571 2983 621 3060 „in
646 3002 709 3066 qua
730 3003 764 3048 re
787 3002 849 3048 non
872 2983 903 3047 id
927 2983 1027 3047 solum
1050 2983 1255 3047 animadverti
1278 2983 1388 3048 debere

113 3125 116 3129 ,
159 3089 242 3169 dicit,
267 3089 349 3171 quod
373 3092 482 3172 qnater
505 3092 651 3174 septenis,
676 3091 780 3158 idest
804 3094 872 3156 octo
896 3096 928 3157 et
950 3091 1069 3173 vigmti,
1094 3091 1202 3154 diebus
1226 3090 1389 3155 conficeret

158 3196 234 3261 luna
256 3197 314 3262 iter
338 3215 447 3276 suum,
480 3199 533 3262 sed
558 3200 639 3280 quod
662 3201 689 3264 is
712 3217 860 3265 numerus
885 3199 1089 3284 septenarius,
1123 3199 1149 3263 si
1173 3199 1212 3262 ab
1236 3217 1298 3263 uno
1320 3215 1389 3280 pro·

159 3302 269 3384 iectus,
294 3305 370 3369 dum
394 3305 433 3369 ad
449 3306 650 3390 semetipsum
665 3307 868 3391 progreditur,
893 3326 1009 3385 omnes,
1033 3325 1088 3388 per
1112 3325 1188 3387 quos
1203 3322 1389 3388 progressus

161 3414 218 3492 est,
243 3430 389 3478 numeros
405 3415 646 3496 comprehendat
667 3414 833 3498 ipsumque
856 3433 889 3479 se
914 3414 1018 3492 addat,
1042 3413 1116 3478 facit
1131 3431 1297 3476 numerum
1321 3413 1389 3476 octo

160 3520 192 3582 et
214 3519 334 3602 viginti,
359 3522 435 3603 quot
458 3519 522 3586 dies
547 3523 622 3586 suut
644 3521 792 3586 curriculi
814 3521 958 3587 lunaris.“

273 3644 376 3711 Ceteri
388 3646 448 3712 loci
460 3649 548 3711 sunt:
573 3645 642 3724 VII,
656 3648 684 3724 6,
697 3647 829 3721 lemma;
854 3644 941 3724 XIII,
956 3647 1006 3722 15,
1021 3647 1058 3719 63
1084 3644 1186 3724 XVII,
1200 3647 1228 3718 1,
1241 3646 1275 3719 53
1295 3646 1346 3721 11,
1363 3644 1389 3709 1.

272 3768 461 3837 Oorralativa
483 3772 667 3856 pronomina
690 3775 721 3837 et
744 3773 903 3850 adverbia,
937 3771 976 3835 cd
1000 3789 1078 3852 quae
1107 3770 1228 3852 ‚,quod‘⁴
1257 3770 1388 3852 spectat,

161 3873 209 3941 his
232 3876 306 3942 locis
328 3879 548 3946 inveniuntur:

306 4002 350 4080 11,
374 4007 406 4080 4,
431 4008 467 4069 5:
490 4005 601 4069 idcirco
625 4007 716 4087 quod.

284 4107 353 4187 III,
380 4110 430 4187 10,
454 4111 491 4175 8:
515 4112 604 4177 illam
628 4131 749 4195 quoqne
772 4113 836 4176 vim
860 4111 949 4193 quod.
1372 4188 1374 4193 ,

294 4215 352 4294 HI,
377 4217 427 4294 10,
451 4219 486 4282 6:
523 4237 616 4301 quem
650 4220 751 4284 locum
786 4237 883 4302 snpra
915 4219 1053 4283 enotavi:
1088 4219 1120 4283 id
1155 4219 1245 4301 quod.
1303 4217 1392 4283 Idem

375 4324 543 4389 invenitur:
568 4325 626 4401 IX,
643 4327 672 4401 9,
691 4326 745 4396 14;
771 4326 826 4402 XI,
845 4327 875 4403 5,
893 4327 929 4399 8;
954 4325 1054 4401 XVII,
1075 4327 1195 4401 10,17;
1219 4325 1304 4403 XIV,
1318 4328 1347 4402 3,
1363 4329 1391 4391 5.

163 4428 374 4441 *nn——

269 4477 297 4548 *i
316 4480 349 4540 cf.
363 4480 554 4540 Hassenstein:
581 4482 613 4540 de
632 4481 741 4554 syntaxi
760 4480 903 4539 Ammiani
922 4481 1076 4540 Marcellini
1095 4481 1158 4540 diss.
1178 4481 1272 4554 inaug.
1291 4481 1391 4554 Regis-

164 4569 252 4628 mcnti
271 4570 349 4631 1877.
