3068 4996
645 267 859 331 ’.26-

141 481 224 546 dieit.
254 478 327 544 Loci
342 479 416 544 sunt
430 475 456 558 Ι,
474 480 504 557 6,
521 479 581 553 39;
604 476 689 555 VIII,
708 479 737 556 6,
754 480 791 553 8;
816 480 854 557 X,
873 486 924 559 15,
944 483 982 555 4;
1006 477 1195 556 v11,4‚23;
1220 478 1259 555 Χ,
1275 481 1303 558 1,
1320 481 1370 544 15.

140 589 260 652 Horum
282 589 421 653 locorum
436 586 536 650 tn'bus
554 585 670 667 „quia“
686 587 871 669 particulam
886 608 948 654 nou
964 586 1138 652 necessario
1154 586 1372 670 explieatiram

141 695 380 776 intellegendam
404 711 481 773 esse,
510 694 565 758 sed
588 693 744 758 causalem
766 695 904 780 intellegi
919 708 1009 780 posse
1033 695 1092 759 etsi
1114 692 1206 759 facile
1229 693 1371 773 concedo,

141 804 189 867 his
214 802 334 868 duobus
357 802 462 866 tamen
486 801 559 884 quin
585 801 799 884 explieatlvam
823 805 885 869 vim
909 804 1033 881 habeat,
1067 802 1196 866 dubium
1219 819 1281 866 non
1304 819 1371 867 esse

141 929 264 976 censeo:

254 1069 340 1148 VIII,
358 1071 389 1147 6,
408 1071 445 1134 8:
475 1070 544 1150 Hic,
569 1070 643 1152 quia
666 1073 714 1136 est
736 1070 866 1136 verbum
893 1071 926 1135 in
949 1072 1016 1154 lege
1041 1069 1260 1154 „deprensu's“,
1295 1071 1372 1135 satis

147 1180 242 1244 etiam
266 1177 474 1261 significatum
497 1178 621 1242 videtur
642 1197 704 1242 non
728 1178 877 1244 contineri
908 1179 975 1260 lege
998 1178 1058 1243 nisi
1080 1177 1204 1242 noxium
1227 1177 1372 1242 terrum.“

143 1285 311 1350 Enuntiato
335 1285 417 1349 enim
441 1304 477 1349 ex
501 1285 614 1366 „quia“
638 1303 788 1368 suspenso
815 1304 878 1350 non
902 1304 996 1350 eausa
1011 1286 1197 1365 continetur,
1221 1302 1276 1348 cur
1295 1282 1371 1348 satis

144 1392 350 1475 significatum
374 1410 440 1456 esse
464 1392 620 1471 rideatur,
652 1392 705 1457 sed
729 1392 914 1476 explicatur,
947 1411 1010 1476 qua
1031 1412 1063 1458 re
1088 1392 1296 1475 significatum
1320 1391 1369 1455 sit.

142 1501 245 1565 lltiam
261 1500 300 1564 ab
316 1499 453 1565 hocloco
470 1518 581 1565 causae
598 1500 778 1581 significatio
791 1501 896 1566 abest:
928 1500 968 1579 X,
986 1502 1017 1582 1,
1035 1501 1094 1567 15:
1126 1501 1209 1565 Nam
1224 1499 1371 1578 omnium,

143 1626 343 1691 quaecunque
368 1606 528 1685 ducemus,
560 1609 619 1671 hoc
642 1610 716 1671 sunt
739 1608 880 1691 exempla
902 1609 1020 1691 potiora
1044 1608 1138 1674 etiam
1161 1606 1256 1693 ipsis,
1292 1627 1371 1690 quae

142 1716 317 1804 traduntur,
342 1715 469 1793 artibus,
496 1750 537 1761 -
561 1715 643 1799 quia,
675 1732 753 1797 quae
785 1715 889 1781 doctor
911 1717 1077 1800 praecepit,
1111 1720 1213 1782 orator
1237 1716 1373 1781 ostendit

147 1825 226 1908 (hoc,
250 1824 324 1908 quia
346 1852 389 1874 =
413 1822 550 1886 dadurch
574 1821 669 1904 dass).

252 1984 310 2048 His
335 1982 446 2048 addere
477 1983 553 2047 mihi
584 1984 677 2048 liceat
704 1984 802 2066 primo
833 1984 945 2049 obtutu
976 1983 1073 2051 videri
1103 1985 1198 2049 etiam
1221 1984 1288 2064 XX,
1306 1985 1370 2064 8,7

144 2092 261 2175 ‚,quia“
283 2091 469 2174 particulam
486 2091 665 2175 explicative
680 2093 861 2176 usurpatam
885 2109 962 2156 esse.
1009 2092 1156 2174 Legimus
1173 2094 1269 2157 emm:
1293 2093 1372 2159 Eam

144 2217 271 2264 causam
301 2217 368 2264 esse
397 2198 503 2263 dieunt
526 2198 700 2264 sacerdotes
723 2201 884 2282 Aegyptii,
921 2218 975 2264 cur
996 2198 1171 2265 Pelusiotae
1204 2217 1278 2282 cepe
1310 2218 1372 2265 non

143 2306 243 2384 edint,
278 2305 351 2387 quia
373 2307 475 2370 solum
506 2306 624 2371 olerum
651 2307 790 2371 omnium
822 2308 928 2371 contra
956 2308 1049 2398 lunae
1080 2309 1247 2390 augmenta
1279 2309 1372 2390 atque

143 2415 258 2478 damna
280 2413 537 2479 vicesminuendi
561 2415 593 2478 et
616 2413 750 2495 augendi
770 2413 885 2478 habeat
899 2414 1102 2479 contrarias.“
1149 2413 1210 2479 Sed
1233 2413 1260 2478 si
1283 2432 1373 2479 accu-

143 2520 243 2585 ratius
267 2522 368 2587 totum
388 2523 491 2586 locum
507 2522 685 2604 inspexeris,
710 2521 828 2586 ridebis
854 2521 969 2604 „quia“
992 2520 1178 2605 particulam
1200 2540 1262 2586 non
1278 2521 1371 2605 expli-

144 2646 213 2693 care
229 2629 448 2694 correlativum
472 2632 594 2708 „eam“,
618 2647 692 2693 nam
714 2628 773 2693 hoc
787 2646 956 2711 pronomen
973 2630 1094 2712 spectat
1118 2629 1156 2693 ad
1172 2630 1370 2695 enuntiatum

145 2736 339 2813 antecedens,
363 2735 417 2801 sed
434 2736 592 2801 causalem
608 2737 671 2800 vim
687 2736 808 2801 habere.
856 2735 940 2800 Nam
962 2737 1020 2801 etsi
1043 2737 1107 2800 iam
1124 2718 1371 2803 demonstratum

145 2847 206 2926 est,
239 2863 318 2927 quae
342 2845 383 2908 sit
406 2863 510 2922 eausa,
545 2863 599 2909 eur
621 2843 795 2909 Pelusiotae
827 2861 899 2925 cepe
934 2862 996 2907 non
1030 2842 1133 2920 edant,
1167 2845 1243 2909 haec
1278 2861 1371 2909 causa

145 2953 305 3016 enuntiato
329 2972 365 3016 ex
389 2951 503 3035 11111*ι
527 2969 677 3035 suspenso
692 2950 922 3035 perspicuitatis
947 2953 978 3014 et
994 2950 1193 3017 diluciditatis
1210 2951 1370 3035 augendae

144 3060 246 3140 gratia
268 3061 382 3124 iterum
406 3059 473 3123 aliis
495 3059 595 3123 verbis
620 3057 818 3140 significatur.

256 3223 285 3284 4.
320 3220 391 3285 Uno
426 3220 491 3285 loco
527 3221 642 3303 ‚,quia“
677 3237 730 3303 pro
764 3220 977 3284 coniunctione
1012 3219 1136 3300 „enim“
1170 3220 1220 3284 vel
1255 3223 1370 3300 „nam“

145 3327 281 3410 positum
304 3330 359 3392 est.
405 3328 553 3409 Legimus
578 3329 677 3392 enim:
702 3327 741 3407 X,
761 3330 812 3405 12,
833 3330 867 3390 1;
891 3327 1036 3413 (Plinius)
1060 3327 1160 3392 multa
1183 3344 1264 3391 vana
1279 3327 1372 3409 atque

144 3433 337 3499 intoleranda
360 3436 487 3501 auribus
517 3436 627 3500 deinde
659 3436 747 3518 quasi
783 3454 802 3499 a
831 3434 1007 3500 Democrito
1042 3436 1156 3516 scripta
1188 3433 1301 3511 tradit,
1336 3451 1373 3498 ex

146 3542 257 3623 quibus
279 3560 379 3624 pauca
408 3543 484 3609 haec
514 3544 604 3608 inviti
627 3543 844 3620 meminimus,
881 3543 954 3624 quia
977 3538 1154 3625 pertaesum
1182 3542 1260 3605 111.“
1306 3539 1374 3604 Η11

145 3650 210 3714 loco
235 3651 350 3732 ‚,quia“
381 3652 532 3734 particula
563 3669 625 3714 non
649 3649 777 3715 affertur
800 3668 894 3716 eausa
928 3669 983 3715 cur
1005 3647 1195 3726 meminerit,
1232 3648 1285 3713 sed
1320 3665 1374 3711 our

144 3757 258 3822 invitus
293 3758 351 3822 hoo
386 3759 488 3825 faciat.
554 3757 701 3823 Videmus
736 3759 832 3840 igitur
864 3760 956 3823 unius
990 3757 1206 3822 tantummodo
1238 3754 1373 3820 notionis
1433 3761 1436 3768 ’

147 3883 272 3929 eausam
288 3867 381 3948 atque
397 3865 677 3948 comprobationem
692 3863 786 3944 afferi,
804 3864 834 3929 id
851 3865 934 3946 quod
950 3866 1041 3947 vulgo
1056 3865 1093 3929 fit
1108 3863 1373 3930 coniunctionibus

147 3972 395 4037 coordinantibus
418 3973 540 4049 „enim‘
566 3971 614 4035 vel
638 3976 765 4050 „nam“.

173 4132 176 4137 ’
258 4137 288 4198 5.
325 4133 411 4210 „Nisi
434 4130 527 4214 quia“
549 4151 612 4197 uno
634 4133 699 4197 loeo
719 4132 849 4214 legitur:
874 4132 974 4212 XVll,
993 4136 1022 4211 3,
1039 4137 1076 4199 5:
1101 4132 1212 4215 „Quod
1235 4150 1307 4200 eum
1330 4133 1375 4196 ita

147 4241 243 4307 Varro
266 4240 357 4318 dicat,
382 4241 489 4306 dubito
512 4241 623 4319 hercle,
648 4261 688 4306 an
711 4241 861 4324 posterior
894 4241 1017 4325 syllaba
1046 4242 1078 4304 in
1102 4261 1136 4307 eo
1160 4243 1264 4321 verbo,
1293 4240 1373 4322 quod

148 4349 230 4434 apud
254 4349 426 4414 Homerum
449 4351 514 4427 est,
537 4347 676 4414 acuenda
699 4349 759 4428 111,
788 4350 848 4415 nisi
871 4350 943 4433 quia
965 4368 1054 4414 voces
1077 4348 1270 4430 huiusmodi,
1302 4369 1375 4414 cum

148 4478 184 4524 aa
217 4458 374 4524 communi
408 4457 630 4540 significatione
665 4457 698 4522 in
732 4457 777 4522 rei
807 4462 910 4523 certae
941 4456 1160 4541 proprietatem
1194 4456 1373 4536 concedunt,

147 4567 326 4632 diversitate
350 4567 534 4631 accentuum
559 4568 770 4649 separantur.“
