3068 4996
676 276 864 341 ..6-

151 488 206 566 sit,
233 487 323 553 facile
350 488 548 570 intellegitur.
598 488 645 552 Ad
674 490 758 553 hunc
785 508 880 554 nsum
908 490 1000 555 facile
1029 491 1115 574 erige
1141 490 1233 556 huius
1263 492 1394 575 „qued“

151 596 321 678 particulae
352 595 551 678 usurpandae
580 596 708 661 rationis
735 595 881 676 refertur,
910 616 972 681 qua
994 598 1038 662 ibi
1066 598 1217 664 collecata
1240 603 1301 673 est,
1331 601 1393 667 nbi

151 704 333 786 pronomine
357 703 536 769 correlative
558 703 592 767 in
616 703 777 768 enuntiato
800 705 963 788 principali
989 705 1103 770 emisse
1126 706 1326 772 enuntiatum
1352 728 1394 775 ex
1496 748 1498 755 ·

151 812 270 894 „qued“
295 829 482 895 suspensum
506 812 638 877 subiecti
661 812 711 877 vel
735 811 846 876 obiecti
870 813 934 877 vice
950 812 1101 895 iungitur.
1140 813 1187 877 lix
1202 813 1393 897 explieatira

151 920 244 984 huius
272 907 453 1003 particulae.
470 918 596 984 netiene
627 920 722 984 etiam
752 920 888 984 causalis
920 919 1153 1002 significationis
1183 922 1266 1004 erige
1294 922 1391 991 facile

151 1028 314 1110 repetitur,
330 1047 403 1092 nam
416 1028 551 1092 termula
563 1029 745 1110 „propterea
757 1028 869 1111 quod“,
881 1047 960 1110 quae
972 1028 1117 1112 primitus
1132 1029 1391 1112 intellegebatur:

151 1154 256 1217 uegen
280 1136 334 1203 des
358 1134 549 1201 Umstandes
578 1136 664 1212 dass,
696 1135 787 1200 facile
814 1135 1068 1218 intellegebatur:
1099 1135 1276 1219 dessuegen
1304 1138 1390 1220 weil,

151 1243 331 1308 correlative
355 1244 469 1308 omisso
492 1244 632 1308 restabat
647 1243 747 1325 „quod
765 1273 807 1297 =
822 1244 917 1308 weil‘.
954 1242 1015 1322 Qui
1031 1243 1232 1326 explicatione
1247 1246 1390 1313 notionis

151 1352 183 1414 in
212 1352 371 1415 causalem
398 1350 550 1416 transitus
578 1351 674 1416 etiam
701 1351 734 1416 in
761 1351 864 1416 verbis
894 1350 1022 1416 affectus
1052 1351 1241 1417 observatur.
1292 1352 1390 1418 Hanc

150 1458 405 1539 significationem
429 1459 569 1523 emnium
591 1459 781 1542 postremam
801 1461 901 1525 ortam
924 1477 991 1524 esse
1015 1460 1042 1523 si
1065 1459 1297 1538 contendemus,
1320 1478 1390 1527 nen

151 1566 336 1644 errabimus,
367 1583 441 1631 nam
472 1565 728 1649 adstipulundum
759 1585 828 1632 esse
858 1566 979 1632 ridetur
1010 1566 1197 1646 Luebbente,
1229 1566 1282 1650 qui
1311 1566 1333 1636 l
1360 1586 1389 1633 e

150 1694 220 1759 pag.
245 1676 308 1739 110
338 1673 414 1739 haec
442 1674 595 1757 disputat:
630 1672 739 1754 „Quod
768 1674 845 1740 lisst
874 1675 941 1739 sich
970 1674 1002 1738 in
1031 1674 1171 1739 consoler
1193 1673 1390 1758 Bedeutnng

150 1784 229 1847 noch
261 1780 348 1847 nicht
378 1781 436 1845 mit
466 1780 638 1847 Sicherheit
670 1782 719 1847 boi
750 1782 884 1847 Plautus
916 1783 1138 1847 nachweisen“.
1191 1764 1281 1863 Quod
1312 1801 1389 1850 vero

152 1889 347 1956 Schmalnius
378 1889 411 1953 in
444 1890 645 1955 annotatione
679 1889 718 1954 ad
746 1890 879 1972 Reisig’s
908 1889 1123 1973 Vorlesungen
1145 1889 1193 1954 lll
1224 1909 1293 1974 pag.
1317 1892 1388 1956 28⁷

151 1998 341 2063 sententiam
363 1994 534 2063 Lnebberti
558 1999 616 2062 hac
638 2016 672 2062 re
695 1997 795 2062 refelli
819 1998 906 2074 dicit,
940 1999 1021 2080 quod
1045 1998 1178 2063 formula
1206 1999 1391 2082 „Propterea

151 2105 251 2187 qued“
287 2104 371 2189 apud
405 2103 555 2170 Plautum
588 2104 778 2183 inveniatur,
815 2106 842 2171 ei
876 2106 938 2169 non
973 2106 1161 2189 adstipulor‚
1195 2123 1268 2171 nam
1302 2106 1390 2172 hanc

150 2213 317 2278 termulam
342 2231 360 2277 a
384 2211 498 2276 Plauto
520 2212 713 2277 intellectam
737 2231 819 2278 esse:
849 2231 973 2294 „wegen
997 2214 1051 2278 des
1073 2212 1265 2279 Umstendes
1289 2213 1388 2279 dass“

150 2320 241 2385 nulla
265 2339 297 2383 re
319 2319 519 2402 prohibemur
552 2321 698 2385 statuere.
733 2357 774 2368 -
812 2320 859 2384 De
890 2321 958 2403 ipsa
989 2323 1095 2386 autem
1126 2320 1243 2386 causali
1265 2321 1390 2404 ,‚qued“

152 2428 324 2512 particulae
347 2427 471 2491 notione
489 2426 683 2492 Sohmalzins
698 2429 775 2492 haee
792 2428 947 2511 disputat:
972 2427 1020 2492 die
1032 2428 1244 2511 dnlndpfung
1266 2426 1389 2494 mittels

152 2537 235 2619 quod
268 2536 333 2600 und
365 2535 438 2616 quio
472 2535 513 2599 ist
547 2535 614 2599 eine
649 2536 739 2599 mehr
774 2535 974 2613 dusserliehe,
1008 2535 1153 2601 wahrend
1188 2552 1281 2618 quem
1314 2535 1387 2603 eine

151 2641 490 2725 Kausalverkndpfnng
513 2641 700 2707 innerlicher
722 2644 791 2721 Art,
820 2663 865 2708 ue
889 2641 999 2708 Grund
1022 2645 1087 2708 und
1110 2644 1206 2725 l'olge
1226 2642 1259 2706 in
1282 2642 1386 2707 ilncm

152 2750 372 2833 Gegenstunde
407 2750 562 2816 identisch
597 2749 680 2827 sind,
715 2752 907 2829 bezeichnet,
943 2771 967 2814 z.
996 2752 1029 2817 B.
1057 2750 1161 2816 Plaut.
1184 2731 1264 2814 Rud.
1295 2751 1386 2815 1234

152 2859 229 2937 „iste
260 2861 324 2924 tu’s
353 2876 469 2941 pauper
497 2877 591 2939 quem
622 2859 715 2922 nimis
744 2861 849 2923 sancte
877 2859 983 2941 piu's“.
1031 2857 1092 2922 Sed
1120 2859 1178 2921 hec
1205 2857 1386 2940 exemplum

151 2967 264 3031 iniuria
286 2967 349 3031 huc
371 2968 508 3030 rovocari
537 2984 660 3039 censeo;
689 2984 764 3030 nam
787 2968 906 3030 utnon
930 2966 1031 3030 dicam
1055 2970 1186 3049 „quem“
1211 2966 1385 3051 particulae

151 3075 210 3137 heo
226 3075 291 3138 lece
306 3093 368 3138 non
384 3075 551 3148 causalem,
576 3073 630 3137 sed
646 3075 749 3156 petius
765 3074 981 3156 explicatiuam
999 3074 1061 3158 vim
1082 3074 1131 3157 (ct.
1150 3074 1306 3140 Luobbert
1319 3073 1340 3140 l.
1357 3094 1387 3144 c.

153 3198 221 3264 pag.
242 3182 317 3263 107)
341 3180 541 3245 tribuendam
565 3198 642 3258 esse,
667 3198 704 3244 ex
725 3181 799 3245 locis
822 3180 984 3259 Plautinis,
1009 3182 1090 3262 qued
1114 3182 1278 3246 discrimen
1300 3181 1386 3247 inter

152 3289 270 3369 „qued“
286 3292 318 3352 et
333 3293 464 3369 „quem“
484 3287 685 3352 statuendum
701 3288 752 3365 sit,
776 3288 878 3352 omino
894 3308 955 3353 nen
970 3291 1073 3372 petest
1089 3289 1200 3370 colligi,
1224 3288 1384 3372 qnoniam,

154 3397 189 3458 nt
212 3395 395 3478 supradixi,
420 3396 551 3460 Plautus
576 3396 695 3477 „qued“
717 3396 904 3478 particulam
927 3397 1046 3461 causali
1070 3396 1297 3478 significatione
1318 3415 1384 3462 nen

152 3504 215 3565 iam
244 3503 412 3585 usurpavit.
459 3502 519 3568 Sed
549 3523 590 3569 ne
619 3505 652 3567 in
683 3522 789 3568 eorum
819 3504 944 3585 quidem
974 3504 1161 3587 scriptorum
1189 3522 1296 3582 usum,
1328 3506 1385 3586 qui

152 3613 222 3694 pest
250 3612 399 3674 Plautum
434 3611 558 3690 „qued“
591 3611 777 3693 particulam
808 3611 973 3676 causaliter
1003 3615 1135 3694 ponunt,
1169 3610 1335 3676 discrimen
1365 3630 1386 3676 a

156 3719 329 3784 Schmalnie
353 3719 558 3783 constitutum
582 3718 722 3799 quadrat.
769 3719 852 3783 Nam
875 3719 976 3783 multa
999 3721 1123 3783 exstant
1146 3718 1300 3800 exempla,
1327 3719 1387 3784 ubi

153 3828 194 3899 id,
220 3825 302 3907 qued
319 3825 513 3889 Schmalzius
530 3825 567 3890 de
583 3831 713 3906 „quem“
729 3827 885 3908 particula
901 3827 983 3903 dicit,
1008 3828 1040 3889 in
1063 3827 1182 3907 „qued“
1198 3825 1387 3909 particulam

154 3934 245 3997 cadit.
301 3932 387 4011 Quae
422 3952 494 3997 cnm
528 3933 574 3997 ita
609 3933 685 4013 sint,
719 3935 812 3997 miror
845 3932 1054 3998 Schmalzium
1090 3952 1152 3998 nen
1187 3933 1316 4015 probare
1350 3935 1385 3999 id

154 4040 332 4118 discrimen,
370 4040 451 4121 quod
484 4040 693 4117 Luebbertus,
731 4040 920 4121 Draegerus,
957 4041 1008 4104 alii
1043 4042 1235 4106 statuerunt:
1270 4047 1385 4119 „cum“

153 4147 305 4230 particula
328 4148 461 4229 logicam
484 4166 621 4224 causam,
645 4148 664 4210 i.
684 4167 708 4213 e.
734 4166 812 4225 eam,
838 4167 874 4212 ex
897 4167 959 4229 qua
983 4149 1158 4213 consecutio
1181 4149 1230 4215 vel
1254 4147 1385 4215 effeetus

154 4255 337 4336 cogitatione
361 4255 568 4332 concluditur,
592 4255 710 4338 „qued“
738 4256 892 4338 particula
915 4258 1030 4321 realem
1054 4274 1190 4335 eausam,
1213 4257 1234 4322 i.
1251 4276 1276 4323 e,
1302 4272 1384 4336 eam,

154 4381 216 4446 qua
248 4361 374 4429 effeetus
404 4363 463 4440 ita,
498 4365 533 4428 ut
568 4364 656 4428 nulla
687 4364 748 4429 alia
778 4385 826 4429 res
857 4365 891 4429 in
921 4365 1022 4429 medio
1053 4366 1207 4443 versetur,
1240 4364 1384 4443 efficitur,

153 4469 328 4551 significari.
375 4471 462 4550 Quae
487 4472 644 4537 distinctio
667 4473 724 4537 etsi
748 4492 766 4538 a
789 4473 977 4557 philosophis
1001 4473 1132 4557 repetita
1157 4492 1224 4539 esse
1248 4472 1384 4553 videtur,

153 4582 259 4645 tamen
288 4600 349 4646 non
379 4578 479 4662 video,
513 4599 566 4646 eur
595 4579 636 4646 sit
664 4579 877 4664 improbandu.
928 4582 1011 4645 Nam
1038 4600 1109 4646 eum
1141 4602 1197 4647 suo
1225 4581 1290 4648 iure
1317 4582 1385 4666 ipse
