<?xml version="1.0" encoding="UTF-8"?>
<!DOCTYPE html PUBLIC "-//W3C//DTD XHTML 1.0 Transitional//EN"
    "http://www.w3.org/TR/xhtml1/DTD/xhtml1-transitional.dtd">
<html xmlns="http://www.w3.org/1999/xhtml" xml:lang="en" lang="en">
 <head>
  <title>
</title>
<meta http-equiv="Content-Type" content="text/html;charset=utf-8" />
  <meta name='ocr-system' content='tesseract 3.04.00' />
  <meta name='ocr-capabilities' content='ocr_page ocr_carea ocr_par ocr_line ocrx_word'/>
</head>
<body>
  <div class='ocr_page' id='page_1' title='image "./deconiunctionum00neubgoog_0010.png"; bbox 0 0 3068 4996; ppageno 0'>
   <div class='ocr_carea' id='block_1_1' title="bbox 137 835 1366 2222">
    <p class='ocr_par' dir='ltr' id='par_1_1' title="bbox 707 835 789 927">
     <span class='ocr_line' id='line_1_1' title="bbox 707 835 789 927; baseline 0.012 -26"><span class='ocrx_word' id='word_1_1' title='bbox 707 835 747 927; x_wconf 62' lang='grc' dir='ltr'>’ᾗΙ</span> <span class='ocrx_word' id='word_1_2' title='bbox 761 836 789 902; x_wconf 92' lang='lat' dir='ltr'>l.</span> 
     </span>
    </p>

    <p class='ocr_par' dir='ltr' id='par_1_2' title="bbox 530 974 848 1081">
     <span class='ocr_line' id='line_1_2' title="bbox 530 974 848 1081; baseline 0 -11"><span class='ocrx_word' id='word_1_3' title='bbox 530 1028 533 1033; x_wconf 58' lang='lat'><em>&gt;</em></span> <span class='ocrx_word' id='word_1_4' title='bbox 658 974 848 1081; x_wconf 86' lang='lat' dir='ltr'>Quod.</span> 
     </span>
    </p>

    <p class='ocr_par' dir='ltr' id='par_1_3' title="bbox 137 1171 1366 2222">
     <span class='ocr_line' id='line_1_3' title="bbox 248 1171 1365 1257; baseline 0.002 -22"><span class='ocrx_word' id='word_1_5' title='bbox 248 1171 373 1250; x_wconf 78' lang='lat' dir='ltr'>„Quod‘</span> <span class='ocrx_word' id='word_1_6' title='bbox 404 1173 649 1238; x_wconf 91' lang='lat' dir='ltr'>coniunctionem</span> <span class='ocrx_word' id='word_1_7' title='bbox 680 1192 746 1238; x_wconf 93' lang='lat' dir='ltr'>esse</span> <span class='ocrx_word' id='word_1_8' title='bbox 782 1174 991 1239; x_wconf 85' lang='lat' dir='ltr'>accusativum</span> <span class='ocrx_word' id='word_1_9' title='bbox 1024 1175 1212 1257; x_wconf 81' lang='lat' dir='ltr'>pronominis</span> <span class='ocrx_word' id='word_1_10' title='bbox 1244 1174 1365 1241; x_wconf 81' lang='lat' dir='ltr'>relativi</span> 
     </span>
     <span class='ocr_line' id='line_1_4' title="bbox 139 1279 1366 1362; baseline 0.001 -20"><span class='ocrx_word' id='word_1_11' title='bbox 139 1297 223 1343; x_wconf 88' lang='lat' dir='ltr'>nunc</span> <span class='ocrx_word' id='word_1_12' title='bbox 258 1280 405 1362; x_wconf 85' lang='lat' dir='ltr'>temporis</span> <span class='ocrx_word' id='word_1_13' title='bbox 440 1279 496 1342; x_wconf 89' lang='lat' dir='ltr'>riri</span> <span class='ocrx_word' id='word_1_14' title='bbox 535 1279 615 1343; x_wconf 92' lang='lat' dir='ltr'>docti</span> <span class='ocrx_word' id='word_1_15' title='bbox 654 1282 858 1344; x_wconf 88' lang='lat' dir='ltr'>consentiunt.</span> <span class='ocrx_word' id='word_1_16' title='bbox 919 1280 1016 1362; x_wconf 88' lang='lat' dir='ltr'>idque</span> <span class='ocrx_word' id='word_1_17' title='bbox 1055 1280 1179 1356; x_wconf 77' lang='lat' dir='ltr'>merito3</span> <span class='ocrx_word' id='word_1_18' title='bbox 1216 1299 1290 1344; x_wconf 91' lang='lat' dir='ltr'>nam</span> <span class='ocrx_word' id='word_1_19' title='bbox 1329 1299 1366 1344; x_wconf 87' lang='lat' dir='ltr'>err</span> 
     </span>
     <span class='ocr_line' id='line_1_5' title="bbox 138 1386 1365 1469; baseline 0.002 -21"><span class='ocrx_word' id='word_1_20' title='bbox 138 1386 305 1465; x_wconf 81' lang='lat' dir='ltr'>accusativi</span> <span class='ocrx_word' id='word_1_21' title='bbox 321 1386 543 1468; x_wconf 89' lang='lat' dir='ltr'>significatione</span> <span class='ocrx_word' id='word_1_22' title='bbox 560 1388 697 1451; x_wconf 91' lang='lat' dir='ltr'>omnium</span> <span class='ocrx_word' id='word_1_23' title='bbox 714 1387 985 1469; x_wconf 88' lang='lat' dir='ltr'>significationum,</span> <span class='ocrx_word' id='word_1_24' title='bbox 1008 1407 1087 1469; x_wconf 91' lang='lat' dir='ltr'>quae</span> <span class='ocrx_word' id='word_1_25' title='bbox 1102 1389 1135 1451; x_wconf 94' lang='lat' dir='ltr'>in</span> <span class='ocrx_word' id='word_1_26' title='bbox 1151 1388 1365 1453; x_wconf 87' lang='lat' dir='ltr'>coniunctione</span> 
     </span>
     <span class='ocr_line' id='line_1_6' title="bbox 137 1493 1365 1579; baseline 0.003 -23"><span class='ocrx_word' id='word_1_27' title='bbox 137 1493 256 1574; x_wconf 78' lang='lat' dir='ltr'>,quod‘</span> <span class='ocrx_word' id='word_1_28' title='bbox 283 1493 404 1567; x_wconf 89' lang='lat' dir='ltr'>insunt,</span> <span class='ocrx_word' id='word_1_29' title='bbox 434 1494 517 1574; x_wconf 88' lang='lat' dir='ltr'>origo</span> <span class='ocrx_word' id='word_1_30' title='bbox 549 1495 631 1559; x_wconf 91' lang='lat' dir='ltr'>haud</span> <span class='ocrx_word' id='word_1_31' title='bbox 663 1496 708 1558; x_wconf 89' lang='lat' dir='ltr'>ita</span> <span class='ocrx_word' id='word_1_32' title='bbox 741 1495 829 1560; x_wconf 84' lang='lat' dir='ltr'>focile</span> <span class='ocrx_word' id='word_1_33' title='bbox 867 1497 1023 1579; x_wconf 87' lang='lat' dir='ltr'>repetitur.</span> <span class='ocrx_word' id='word_1_34' title='bbox 1071 1496 1264 1562; x_wconf 81' lang='lat' dir='ltr'>Schmalzius</span> <span class='ocrx_word' id='word_1_35' title='bbox 1297 1497 1318 1559; x_wconf 94' lang='lat' dir='ltr'>l.</span> <span class='ocrx_word' id='word_1_36' title='bbox 1344 1496 1365 1560; x_wconf 86' lang='lat' dir='ltr'>l.</span> 
     </span>
     <span class='ocr_line' id='line_1_7' title="bbox 137 1600 1364 1684; baseline 0.003 -21"><span class='ocrx_word' id='word_1_37' title='bbox 137 1618 198 1684; x_wconf 89' lang='lat' dir='ltr'>pag</span> <span class='ocrx_word' id='word_1_38' title='bbox 223 1603 285 1666; x_wconf 84' lang='lat'>337</span> <span class='ocrx_word' id='word_1_39' title='bbox 311 1601 370 1665; x_wconf 93' lang='lat' dir='ltr'>hoc</span> <span class='ocrx_word' id='word_1_40' title='bbox 391 1602 436 1664; x_wconf 88' lang='lat' dir='ltr'>ita</span> <span class='ocrx_word' id='word_1_41' title='bbox 458 1600 541 1675; x_wconf 85' lang='lat' dir='ltr'>lacit,</span> <span class='ocrx_word' id='word_1_42' title='bbox 566 1604 603 1665; x_wconf 88' lang='lat' dir='ltr'>ut</span> <span class='ocrx_word' id='word_1_43' title='bbox 626 1601 722 1665; x_wconf 89' lang='lat' dir='ltr'>dicat:</span> <span class='ocrx_word' id='word_1_44' title='bbox 759 1601 849 1680; x_wconf 79' lang='lat' dir='ltr'>Quod</span> <span class='ocrx_word' id='word_1_45' title='bbox 871 1603 914 1668; x_wconf 89' lang='lat' dir='ltr'>ist</span> <span class='ocrx_word' id='word_1_46' title='bbox 938 1603 992 1666; x_wconf 90' lang='lat' dir='ltr'>der</span> <span class='ocrx_word' id='word_1_47' title='bbox 1007 1603 1170 1667; x_wconf 84' lang='lat' dir='ltr'>Accusativ</span> <span class='ocrx_word' id='word_1_48' title='bbox 1195 1604 1249 1667; x_wconf 91' lang='lat' dir='ltr'>des</span> <span class='ocrx_word' id='word_1_49' title='bbox 1272 1603 1364 1668; x_wconf 89' lang='lat' dir='ltr'><strong>Pron.</strong></span> 
     </span>
     <span class='ocr_line' id='line_1_8' title="bbox 137 1707 1364 1792; baseline 0.001 -19"><span class='ocrx_word' id='word_1_50' title='bbox 137 1709 316 1791; x_wconf 67' lang='lat' dir='ltr'>relativum</span> <span class='ocrx_word' id='word_1_51' title='bbox 341 1707 390 1773; x_wconf 94' lang='lat' dir='ltr'>die</span> <span class='ocrx_word' id='word_1_52' title='bbox 405 1708 575 1790; x_wconf 79' lang='lat' dir='ltr'>Anlirgung</span> <span class='ocrx_word' id='word_1_53' title='bbox 598 1711 682 1773; x_wconf 90' lang='lat' dir='ltr'>eines</span> <span class='ocrx_word' id='word_1_54' title='bbox 699 1709 804 1774; x_wconf 84' lang='lat' dir='ltr'>Satzes</span> <span class='ocrx_word' id='word_1_55' title='bbox 829 1710 887 1773; x_wconf 88' lang='lat' dir='ltr'>mit</span> <span class='ocrx_word' id='word_1_56' title='bbox 909 1709 1030 1792; x_wconf 83' lang='lat' dir='ltr'>„qnod‘</span> <span class='ocrx_word' id='word_1_57' title='bbox 1053 1711 1110 1776; x_wconf 89' lang='lat' dir='ltr'>soll</span> <span class='ocrx_word' id='word_1_58' title='bbox 1134 1711 1199 1775; x_wconf 91' lang='lat' dir='ltr'>also</span> <span class='ocrx_word' id='word_1_59' title='bbox 1218 1711 1364 1791; x_wconf 76' lang='lat' dir='ltr'>hosagen,</span> 
     </span>
     <span class='ocr_line' id='line_1_9' title="bbox 138 1816 1366 1900; baseline 0 -19"><span class='ocrx_word' id='word_1_60' title='bbox 138 1819 209 1882; x_wconf 93' lang='lat' dir='ltr'>dass</span> <span class='ocrx_word' id='word_1_61' title='bbox 241 1817 294 1881; x_wconf 88' lang='lat' dir='ltr'>der</span> <span class='ocrx_word' id='word_1_62' title='bbox 322 1816 607 1898; x_wconf 69' lang='lat' dir='ltr'>conjunctionssatz</span> <span class='ocrx_word' id='word_1_63' title='bbox 639 1837 679 1881; x_wconf 85' lang='lat' dir='ltr'>zu</span> <span class='ocrx_word' id='word_1_64' title='bbox 710 1817 780 1881; x_wconf 88' lang='lat' dir='ltr'>dem</span> <span class='ocrx_word' id='word_1_65' title='bbox 804 1818 979 1900; x_wconf 85' lang='lat' dir='ltr'>Hauptsatc</span> <span class='ocrx_word' id='word_1_66' title='bbox 1013 1819 1045 1880; x_wconf 94' lang='lat' dir='ltr'>in</span> <span class='ocrx_word' id='word_1_67' title='bbox 1074 1817 1267 1899; x_wconf 87' lang='lat' dir='ltr'>demjenigen</span> <span class='ocrx_word' id='word_1_68' title='bbox 1292 1817 1366 1882; x_wconf 88' lang='lat' dir='ltr'>Ver-</span> 
     </span>
     <span class='ocr_line' id='line_1_10' title="bbox 137 1924 1366 2008; baseline 0.001 -22"><span class='ocrx_word' id='word_1_69' title='bbox 137 1924 270 1988; x_wconf 76' lang='lat' dir='ltr'>htltniss</span> <span class='ocrx_word' id='word_1_70' title='bbox 293 1924 425 1988; x_wconf 90' lang='lat' dir='ltr'>stehend</span> <span class='ocrx_word' id='word_1_71' title='bbox 440 1924 573 2005; x_wconf 91' lang='lat' dir='ltr'>gedacht</span> <span class='ocrx_word' id='word_1_72' title='bbox 594 1925 678 2002; x_wconf 90' lang='lat' dir='ltr'>rrird,</span> <span class='ocrx_word' id='word_1_73' title='bbox 702 1925 832 1988; x_wconf 75' lang='lat' dir='ltr'>welches</span> <span class='ocrx_word' id='word_1_74' title='bbox 856 1925 920 1989; x_wconf 93' lang='lat' dir='ltr'>sich</span> <span class='ocrx_word' id='word_1_75' title='bbox 944 1925 988 1988; x_wconf 92' lang='lat' dir='ltr'>im</span> <span class='ocrx_word' id='word_1_76' title='bbox 1004 1926 1169 1990; x_wconf 85' lang='lat' dir='ltr'>Accusatir</span> <span class='ocrx_word' id='word_1_77' title='bbox 1189 1925 1366 2008; x_wconf 81' lang='lat' dir='ltr'>verkbrpert</span> 
     </span>
     <span class='ocr_line' id='line_1_11' title="bbox 138 2031 1366 2115; baseline 0.001 -20"><span class='ocrx_word' id='word_1_78' title='bbox 138 2035 200 2096; x_wconf 89' lang='lat' dir='ltr'>hat.</span> <span class='ocrx_word' id='word_1_79' title='bbox 256 2031 330 2095; x_wconf 90' lang='lat' dir='ltr'>Nun</span> <span class='ocrx_word' id='word_1_80' title='bbox 364 2031 406 2095; x_wconf 86' lang='lat' dir='ltr'>ist</span> <span class='ocrx_word' id='word_1_81' title='bbox 441 2032 515 2096; x_wconf 89' lang='lat' dir='ltr'>aber</span> <span class='ocrx_word' id='word_1_82' title='bbox 549 2032 604 2096; x_wconf 91' lang='lat' dir='ltr'>der</span> <span class='ocrx_word' id='word_1_83' title='bbox 637 2032 804 2097; x_wconf 87' lang='lat' dir='ltr'>Accusativ</span> <span class='ocrx_word' id='word_1_84' title='bbox 839 2032 1058 2115; x_wconf 84' lang='lat' dir='ltr'>ursprirnglich</span> <span class='ocrx_word' id='word_1_85' title='bbox 1094 2032 1148 2096; x_wconf 91' lang='lat' dir='ltr'>der</span> <span class='ocrx_word' id='word_1_86' title='bbox 1183 2032 1366 2113; x_wconf 89' lang='lat' dir='ltr'>allgemeinc</span> 
     </span>
     <span class='ocr_line' id='line_1_12' title="bbox 137 2137 1366 2222; baseline 0.002 -20"><span class='ocrx_word' id='word_1_87' title='bbox 137 2158 227 2203; x_wconf 88' lang='lat' dir='ltr'>casus</span> <span class='ocrx_word' id='word_1_88' title='bbox 261 2137 420 2220; x_wconf 89' lang='lat' dir='ltr'>obliquus,</span> <span class='ocrx_word' id='word_1_89' title='bbox 452 2139 545 2202; x_wconf 91' lang='lat' dir='ltr'>somit</span> <span class='ocrx_word' id='word_1_90' title='bbox 576 2140 754 2203; x_wconf 84' lang='lat' dir='ltr'>bezeichnet</span> <span class='ocrx_word' id='word_1_91' title='bbox 784 2139 833 2203; x_wconf 88' lang='lat' dir='ltr'>die</span> <span class='ocrx_word' id='word_1_92' title='bbox 864 2139 1065 2222; x_wconf 91' lang='lat' dir='ltr'>Verbindung</span> <span class='ocrx_word' id='word_1_93' title='bbox 1095 2141 1154 2204; x_wconf 87' lang='lat' dir='ltr'>mit</span> <span class='ocrx_word' id='word_1_94' title='bbox 1186 2140 1268 2221; x_wconf 91' lang='lat' dir='ltr'>quod</span> <span class='ocrx_word' id='word_1_95' title='bbox 1300 2140 1366 2204; x_wconf 85' lang='lat' dir='ltr'>eine</span> 
     </span>
    </p>
   </div>
   <div class='ocr_carea' id='block_1_2' title="bbox 138 2245 1439 2436">
    <p class='ocr_par' dir='ltr' id='par_1_4' title="bbox 138 2245 1439 2436">
     <span class='ocr_line' id='line_1_13' title="bbox 138 2245 1439 2329; baseline 0.001 -19"><span class='ocrx_word' id='word_1_96' title='bbox 138 2247 208 2310; x_wconf 91' lang='lat' dir='ltr'>dem</span> <span class='ocrx_word' id='word_1_97' title='bbox 232 2245 473 2329; x_wconf 90' lang='lat' dir='ltr'>entsprechende</span> <span class='ocrx_word' id='word_1_98' title='bbox 490 2246 669 2328; x_wconf 85' lang='lat' dir='ltr'>Beriehung</span> <span class='ocrx_word' id='word_1_99' title='bbox 692 2247 746 2309; x_wconf 89' lang='lat' dir='ltr'>der</span> <span class='ocrx_word' id='word_1_100' title='bbox 769 2247 879 2311; x_wconf 79' lang='lat' dir='ltr'>beiden</span> <span class='ocrx_word' id='word_1_101' title='bbox 897 2245 993 2311; x_wconf 77' lang='lat' dir='ltr'>Sbtze.</span> <span class='ocrx_word' id='word_1_102' title='bbox 1034 2247 1092 2311; x_wconf 92' lang='lat' dir='ltr'>Die</span> <span class='ocrx_word' id='word_1_103' title='bbox 1115 2247 1367 2328; x_wconf 79' lang='lat' dir='ltr'>uachstliegende</span> <span class='ocrx_word' id='word_1_104' title='bbox 1435 2284 1439 2293; x_wconf 89' lang='lat'>·</span> 
     </span>
     <span class='ocr_line' id='line_1_14' title="bbox 138 2352 671 2436; baseline 0.004 -20"><span class='ocrx_word' id='word_1_105' title='bbox 138 2354 179 2417; x_wconf 87' lang='lat' dir='ltr'>ist</span> <span class='ocrx_word' id='word_1_106' title='bbox 203 2352 251 2417; x_wconf 92' lang='lat' dir='ltr'>die</span> <span class='ocrx_word' id='word_1_107' title='bbox 276 2353 329 2418; x_wconf 90' lang='lat' dir='ltr'>des</span> <span class='ocrx_word' id='word_1_108' title='bbox 354 2352 489 2417; x_wconf 87' lang='lat' dir='ltr'>directcn</span> <span class='ocrx_word' id='word_1_109' title='bbox 513 2352 671 2436; x_wconf 79' lang='lat' dir='ltr'>Objects“.</span> 
     </span>
    </p>
   </div>
   <div class='ocr_carea' id='block_1_3' title="bbox 138 2477 1371 4607">
    <p class='ocr_par' dir='ltr' id='par_1_5' title="bbox 138 2477 1371 4607">
     <span class='ocr_line' id='line_1_15' title="bbox 249 2477 1366 2561; baseline 0.001 -21"><span class='ocrx_word' id='word_1_110' title='bbox 249 2477 335 2541; x_wconf 88' lang='lat' dir='ltr'>Haec</span> <span class='ocrx_word' id='word_1_111' title='bbox 358 2477 520 2559; x_wconf 77' lang='lat' dir='ltr'>explicatio</span> <span class='ocrx_word' id='word_1_112' title='bbox 544 2477 618 2558; x_wconf 91' lang='lat' dir='ltr'>quin</span> <span class='ocrx_word' id='word_1_113' title='bbox 642 2478 845 2561; x_wconf 90' lang='lat' dir='ltr'>improbanda</span> <span class='ocrx_word' id='word_1_114' title='bbox 868 2479 909 2543; x_wconf 89' lang='lat' dir='ltr'>sit</span> <span class='ocrx_word' id='word_1_115' title='bbox 931 2498 991 2544; x_wconf 91' lang='lat' dir='ltr'>non</span> <span class='ocrx_word' id='word_1_116' title='bbox 1013 2479 1135 2552; x_wconf 83' lang='lat' dir='ltr'>dubit03</span> <span class='ocrx_word' id='word_1_117' title='bbox 1160 2498 1260 2561; x_wconf 87' lang='lat' dir='ltr'>neque</span> <span class='ocrx_word' id='word_1_118' title='bbox 1284 2479 1366 2541; x_wconf 91' lang='lat' dir='ltr'>euim</span> 
     </span>
     <span class='ocr_line' id='line_1_16' title="bbox 140 2571 1371 2669; baseline 0.002 -22"><span class='ocrx_word' id='word_1_119' title='bbox 140 2586 281 2667; x_wconf 88' lang='lat' dir='ltr'>apparet,</span> <span class='ocrx_word' id='word_1_120' title='bbox 312 2585 365 2665; x_wconf 92' lang='lat' dir='ltr'>qui</span> <span class='ocrx_word' id='word_1_121' title='bbox 386 2583 452 2648; x_wconf 88' lang='lat' dir='ltr'>fieri</span> <span class='ocrx_word' id='word_1_122' title='bbox 474 2586 585 2669; x_wconf 89' lang='lat' dir='ltr'>possit,</span> <span class='ocrx_word' id='word_1_123' title='bbox 614 2588 649 2649; x_wconf 88' lang='lat' dir='ltr'>ut</span> <span class='ocrx_word' id='word_1_124' title='bbox 675 2586 794 2666; x_wconf 87' lang='lat' dir='ltr'>„quod‘</span> <span class='ocrx_word' id='word_1_125' title='bbox 823 2587 972 2651; x_wconf 86' lang='lat' dir='ltr'>vocabulo</span> <span class='ocrx_word' id='word_1_126' title='bbox 995 2586 1148 2651; x_wconf 85' lang='lat' dir='ltr'>indicetur</span> <span class='ocrx_word' id='word_1_127' title='bbox 1172 2571 1371 2650; x_wconf 87' lang='lat' dir='ltr'>enuntiatum</span> 
     </span>
     <span class='ocr_line' id='line_1_17' title="bbox 139 2691 1371 2776; baseline 0.002 -22"><span class='ocrx_word' id='word_1_128' title='bbox 139 2711 175 2756; x_wconf 86' lang='lat' dir='ltr'>ex</span> <span class='ocrx_word' id='word_1_129' title='bbox 205 2691 323 2774; x_wconf 77' lang='lat' dir='ltr'>‚‚quod“</span> <span class='ocrx_word' id='word_1_130' title='bbox 357 2709 543 2775; x_wconf 88' lang='lat' dir='ltr'>suspensum</span> <span class='ocrx_word' id='word_1_131' title='bbox 575 2710 643 2757; x_wconf 86' lang='lat' dir='ltr'>esse</span> <span class='ocrx_word' id='word_1_132' title='bbox 674 2693 830 2758; x_wconf 90' lang='lat' dir='ltr'>obiectum</span> <span class='ocrx_word' id='word_1_133' title='bbox 860 2693 1013 2757; x_wconf 89' lang='lat' dir='ltr'>enuntiati</span> <span class='ocrx_word' id='word_1_134' title='bbox 1041 2693 1188 2776; x_wconf 87' lang='lat' dir='ltr'>primarii.</span> <span class='ocrx_word' id='word_1_135' title='bbox 1241 2692 1371 2756; x_wconf 88' lang='lat' dir='ltr'>Videtur</span> 
     </span>
     <span class='ocr_line' id='line_1_18' title="bbox 138 2798 1369 2878; baseline 0 -14"><span class='ocrx_word' id='word_1_136' title='bbox 138 2799 256 2864; x_wconf 90' lang='lat' dir='ltr'>scilicet</span> <span class='ocrx_word' id='word_1_137' title='bbox 278 2798 484 2875; x_wconf 88' lang='lat' dir='ltr'>Schmclzius,</span> <span class='ocrx_word' id='word_1_138' title='bbox 517 2818 588 2864; x_wconf 91' lang='lat' dir='ltr'>curn</span> <span class='ocrx_word' id='word_1_139' title='bbox 617 2801 676 2864; x_wconf 93' lang='lat' dir='ltr'>hoc</span> <span class='ocrx_word' id='word_1_140' title='bbox 703 2800 874 2878; x_wconf 88' lang='lat' dir='ltr'>scribebat,</span> <span class='ocrx_word' id='word_1_141' title='bbox 904 2801 937 2863; x_wconf 91' lang='lat' dir='ltr'>in</span> <span class='ocrx_word' id='word_1_142' title='bbox 964 2801 1047 2864; x_wconf 84' lang='lat' dir='ltr'>idem</span> <span class='ocrx_word' id='word_1_143' title='bbox 1075 2800 1187 2864; x_wconf 87' lang='lat' dir='ltr'>vitium</span> <span class='ocrx_word' id='word_1_144' title='bbox 1215 2800 1369 2878; x_wconf 89' lang='lat' dir='ltr'>incidisse,</span> 
     </span>
     <span class='ocr_line' id='line_1_19' title="bbox 138 2908 1370 2991; baseline 0.001 -21"><span class='ocrx_word' id='word_1_145' title='bbox 138 2909 169 2970; x_wconf 92' lang='lat' dir='ltr'>iu</span> <span class='ocrx_word' id='word_1_146' title='bbox 205 2908 287 2989; x_wconf 92' lang='lat' dir='ltr'>quod</span> <span class='ocrx_word' id='word_1_147' title='bbox 322 2908 506 2972; x_wconf 80' lang='lat' dir='ltr'>recentiores</span> <span class='ocrx_word' id='word_1_148' title='bbox 542 2908 762 2989; x_wconf 85' lang='lat' dir='ltr'>grammaticos</span> <span class='ocrx_word' id='word_1_149' title='bbox 797 2908 958 2991; x_wconf 88' lang='lat' dir='ltr'>plerosque</span> <span class='ocrx_word' id='word_1_150' title='bbox 992 2908 1138 2973; x_wconf 89' lang='lat' dir='ltr'>incidisse</span> <span class='ocrx_word' id='word_1_151' title='bbox 1175 2911 1295 2985; x_wconf 89' lang='lat' dir='ltr'>censet,</span> <span class='ocrx_word' id='word_1_152' title='bbox 1333 2909 1370 2972; x_wconf 88' lang='lat' dir='ltr'>ut</span> 
     </span>
     <span class='ocr_line' id='line_1_20' title="bbox 139 3014 1370 3101; baseline 0.002 -23"><span class='ocrx_word' id='word_1_153' title='bbox 139 3015 284 3081; x_wconf 87' lang='lat' dir='ltr'>historica</span> <span class='ocrx_word' id='word_1_154' title='bbox 307 3017 528 3101; x_wconf 84' lang='lat' dir='ltr'>grammaticae</span> <span class='ocrx_word' id='word_1_155' title='bbox 552 3016 731 3081; x_wconf 87' lang='lat' dir='ltr'>tractandae</span> <span class='ocrx_word' id='word_1_156' title='bbox 760 3018 879 3082; x_wconf 90' lang='lat' dir='ltr'>ratione</span> <span class='ocrx_word' id='word_1_157' title='bbox 907 3016 1050 3097; x_wconf 88' lang='lat' dir='ltr'>neglecta</span> <span class='ocrx_word' id='word_1_158' title='bbox 1071 3016 1248 3080; x_wconf 91' lang='lat' dir='ltr'>notionibus</span> <span class='ocrx_word' id='word_1_159' title='bbox 1272 3014 1370 3099; x_wconf 91' lang='lat' dir='ltr'>philo·</span> 
     </span>
     <span class='ocr_line' id='line_1_21' title="bbox 139 3123 1369 3207; baseline 0 -21"><span class='ocrx_word' id='word_1_160' title='bbox 139 3123 304 3206; x_wconf 90' lang='lat' dir='ltr'>sophorum</span> <span class='ocrx_word' id='word_1_161' title='bbox 322 3124 450 3207; x_wconf 85' lang='lat' dir='ltr'>propriis</span> <span class='ocrx_word' id='word_1_162' title='bbox 471 3127 639 3190; x_wconf 89' lang='lat' dir='ltr'>uterentur.</span> <span class='ocrx_word' id='word_1_163' title='bbox 678 3123 759 3188; x_wconf 88' lang='lat' dir='ltr'>Nam</span> <span class='ocrx_word' id='word_1_164' title='bbox 776 3124 829 3205; x_wconf 90' lang='lat' dir='ltr'>qui</span> <span class='ocrx_word' id='word_1_165' title='bbox 844 3124 1022 3188; x_wconf 87' lang='lat' dir='ltr'>historicam</span> <span class='ocrx_word' id='word_1_166' title='bbox 1038 3124 1188 3188; x_wconf 90' lang='lat' dir='ltr'>rationem</span> <span class='ocrx_word' id='word_1_167' title='bbox 1207 3124 1369 3188; x_wconf 88' lang='lat' dir='ltr'>secuturus</span> 
     </span>
     <span class='ocr_line' id='line_1_22' title="bbox 139 3230 1369 3315; baseline -0.001 -20"><span class='ocrx_word' id='word_1_168' title='bbox 139 3234 199 3307; x_wconf 88' lang='lat' dir='ltr'>est,</span> <span class='ocrx_word' id='word_1_169' title='bbox 235 3232 273 3295; x_wconf 93' lang='lat' dir='ltr'>ab</span> <span class='ocrx_word' id='word_1_170' title='bbox 305 3232 343 3295; x_wconf 94' lang='lat' dir='ltr'>iis</span> <span class='ocrx_word' id='word_1_171' title='bbox 374 3231 494 3295; x_wconf 89' lang='lat' dir='ltr'>dicendi</span> <span class='ocrx_word' id='word_1_172' title='bbox 526 3232 699 3296; x_wconf 89' lang='lat' dir='ltr'>rationibus</span> <span class='ocrx_word' id='word_1_173' title='bbox 731 3231 856 3294; x_wconf 88' lang='lat' dir='ltr'>initium</span> <span class='ocrx_word' id='word_1_174' title='bbox 886 3232 990 3315; x_wconf 86' lang='lat' dir='ltr'>capiat</span> <span class='ocrx_word' id='word_1_175' title='bbox 1021 3232 1157 3313; x_wconf 88' lang='lat' dir='ltr'>oportet,</span> <span class='ocrx_word' id='word_1_176' title='bbox 1191 3232 1224 3294; x_wconf 94' lang='lat' dir='ltr'>in</span> <span class='ocrx_word' id='word_1_177' title='bbox 1255 3230 1369 3312; x_wconf 91' lang='lat' dir='ltr'>quibus</span> 
     </span>
     <span class='ocr_line' id='line_1_23' title="bbox 139 3337 1368 3422; baseline 0 -21"><span class='ocrx_word' id='word_1_178' title='bbox 139 3337 266 3419; x_wconf 85' lang='lat' dir='ltr'>,‚quod“,</span> <span class='ocrx_word' id='word_1_179' title='bbox 295 3356 366 3403; x_wconf 88' lang='lat' dir='ltr'>cum</span> <span class='ocrx_word' id='word_1_180' title='bbox 390 3357 408 3402; x_wconf 89' lang='lat' dir='ltr'>a</span> <span class='ocrx_word' id='word_1_181' title='bbox 431 3339 644 3420; x_wconf 84' lang='lat' dir='ltr'>grammaticis</span> <span class='ocrx_word' id='word_1_182' title='bbox 668 3342 699 3404; x_wconf 89' lang='lat' dir='ltr'>et</span> <span class='ocrx_word' id='word_1_183' title='bbox 722 3339 940 3422; x_wconf 85' lang='lat' dir='ltr'>interpretibus</span> <span class='ocrx_word' id='word_1_184' title='bbox 965 3338 1056 3420; x_wconf 87' lang='lat' dir='ltr'>vulgo</span> <span class='ocrx_word' id='word_1_185' title='bbox 1078 3357 1132 3420; x_wconf 90' lang='lat' dir='ltr'>pro</span> <span class='ocrx_word' id='word_1_186' title='bbox 1156 3338 1368 3402; x_wconf 89' lang='lat' dir='ltr'>coniunctione</span> 
     </span>
     <span class='ocr_line' id='line_1_24' title="bbox 138 3444 1368 3529; baseline -0.001 -22"><span class='ocrx_word' id='word_1_187' title='bbox 138 3445 299 3522; x_wconf 90' lang='lat' dir='ltr'>habeatur,</span> <span class='ocrx_word' id='word_1_188' title='bbox 323 3464 429 3510; x_wconf 87' lang='lat' dir='ltr'>revera</span> <span class='ocrx_word' id='word_1_189' title='bbox 451 3448 530 3510; x_wconf 89' lang='lat' dir='ltr'>nihil</span> <span class='ocrx_word' id='word_1_190' title='bbox 548 3447 632 3511; x_wconf 81' lang='lat' dir='ltr'>adud</span> <span class='ocrx_word' id='word_1_191' title='bbox 647 3447 695 3511; x_wconf 88' lang='lat' dir='ltr'>est</span> <span class='ocrx_word' id='word_1_192' title='bbox 711 3465 804 3528; x_wconf 90' lang='lat' dir='ltr'>quam</span> <span class='ocrx_word' id='word_1_193' title='bbox 821 3447 1016 3510; x_wconf 85' lang='lat' dir='ltr'>accusativos</span> <span class='ocrx_word' id='word_1_194' title='bbox 1032 3445 1221 3529; x_wconf 90' lang='lat' dir='ltr'>pronominis</span> <span class='ocrx_word' id='word_1_195' title='bbox 1238 3444 1368 3520; x_wconf 88' lang='lat' dir='ltr'>relativi,</span> 
     </span>
     <span class='ocr_line' id='line_1_25' title="bbox 139 3551 1367 3637; baseline 0 -22"><span class='ocrx_word' id='word_1_196' title='bbox 139 3552 312 3616; x_wconf 91' lang='lat' dir='ltr'>cuiusmodi</span> <span class='ocrx_word' id='word_1_197' title='bbox 332 3553 472 3636; x_wconf 81' lang='lat' dir='ltr'>exempla</span> <span class='ocrx_word' id='word_1_198' title='bbox 487 3553 629 3618; x_wconf 87' lang='lat' dir='ltr'>Holtzius</span> <span class='ocrx_word' id='word_1_199' title='bbox 648 3556 743 3635; x_wconf 87' lang='lat' dir='ltr'>(synt.</span> <span class='ocrx_word' id='word_1_200' title='bbox 761 3554 850 3637; x_wconf 90' lang='lat' dir='ltr'>prisc.</span> <span class='ocrx_word' id='word_1_201' title='bbox 868 3552 974 3635; x_wconf 89' lang='lat' dir='ltr'>script.</span> <span class='ocrx_word' id='word_1_202' title='bbox 992 3553 1057 3616; x_wconf 88' lang='lat' dir='ltr'>Lat.</span> <span class='ocrx_word' id='word_1_203' title='bbox 1072 3551 1096 3630; x_wconf 95' lang='lat' dir='ltr'>I,</span> <span class='ocrx_word' id='word_1_204' title='bbox 1120 3571 1188 3635; x_wconf 91' lang='lat' dir='ltr'>pag.</span> <span class='ocrx_word' id='word_1_205' title='bbox 1206 3554 1270 3616; x_wconf 79' lang='lat'>242</span> <span class='ocrx_word' id='word_1_206' title='bbox 1288 3555 1367 3634; x_wconf 91' lang='lat' dir='ltr'>sqq.)</span> 
     </span>
     <span class='ocr_line' id='line_1_26' title="bbox 139 3658 1369 3744; baseline -0.001 -21"><span class='ocrx_word' id='word_1_207' title='bbox 139 3664 171 3724; x_wconf 89' lang='lat' dir='ltr'>et</span> <span class='ocrx_word' id='word_1_208' title='bbox 186 3660 457 3724; x_wconf 88' lang='lat' dir='ltr'>Zimmermannus</span> <span class='ocrx_word' id='word_1_209' title='bbox 480 3662 500 3726; x_wconf 94' lang='lat' dir='ltr'>l.</span> <span class='ocrx_word' id='word_1_210' title='bbox 517 3679 541 3726; x_wconf 90' lang='lat' dir='ltr'>c.</span> <span class='ocrx_word' id='word_1_211' title='bbox 558 3679 628 3744; x_wconf 88' lang='lat' dir='ltr'>pag.</span> <span class='ocrx_word' id='word_1_212' title='bbox 647 3664 663 3722; x_wconf 86' lang='lat'>1</span> <span class='ocrx_word' id='word_1_213' title='bbox 689 3659 887 3742; x_wconf 86' lang='lat' dir='ltr'>collegerunt.</span> <span class='ocrx_word' id='word_1_214' title='bbox 928 3660 996 3725; x_wconf 89' lang='lat' dir='ltr'>Hoc</span> <span class='ocrx_word' id='word_1_215' title='bbox 1017 3661 1150 3724; x_wconf 87' lang='lat' dir='ltr'>maxime</span> <span class='ocrx_word' id='word_1_216' title='bbox 1170 3658 1369 3742; x_wconf 89' lang='lat' dir='ltr'>perspicuum</span> 
     </span>
     <span class='ocr_line' id='line_1_27' title="bbox 139 3765 1368 3850; baseline -0.002 -20"><span class='ocrx_word' id='word_1_217' title='bbox 139 3771 187 3831; x_wconf 89' lang='lat' dir='ltr'>est</span> <span class='ocrx_word' id='word_1_218' title='bbox 214 3767 248 3829; x_wconf 90' lang='lat' dir='ltr'>in</span> <span class='ocrx_word' id='word_1_219' title='bbox 274 3766 312 3831; x_wconf 91' lang='lat' dir='ltr'>iis</span> <span class='ocrx_word' id='word_1_220' title='bbox 341 3768 503 3850; x_wconf 79' lang='lat' dir='ltr'>exemplis,</span> <span class='ocrx_word' id='word_1_221' title='bbox 535 3768 589 3832; x_wconf 88' lang='lat' dir='ltr'>ubi</span> <span class='ocrx_word' id='word_1_222' title='bbox 618 3768 652 3831; x_wconf 94' lang='lat' dir='ltr'>in</span> <span class='ocrx_word' id='word_1_223' title='bbox 683 3767 844 3833; x_wconf 87' lang='lat' dir='ltr'>enuntiato</span> <span class='ocrx_word' id='word_1_224' title='bbox 874 3767 1054 3832; x_wconf 87' lang='lat' dir='ltr'>secundario</span> <span class='ocrx_word' id='word_1_225' title='bbox 1083 3766 1212 3830; x_wconf 86' lang='lat' dir='ltr'>verbum</span> <span class='ocrx_word' id='word_1_226' title='bbox 1244 3765 1368 3848; x_wconf 88' lang='lat' dir='ltr'>aliquod</span> 
     </span>
     <span class='ocr_line' id='line_1_28' title="bbox 140 3871 1368 3954; baseline 0 -18"><span class='ocrx_word' id='word_1_227' title='bbox 140 3874 280 3938; x_wconf 88' lang='lat' dir='ltr'>veniendi</span> <span class='ocrx_word' id='word_1_228' title='bbox 305 3875 353 3939; x_wconf 88' lang='lat' dir='ltr'>rel</span> <span class='ocrx_word' id='word_1_229' title='bbox 380 3875 525 3940; x_wconf 86' lang='lat' dir='ltr'>mittendi</span> <span class='ocrx_word' id='word_1_230' title='bbox 548 3875 717 3954; x_wconf 85' lang='lat' dir='ltr'>invenitur,</span> <span class='ocrx_word' id='word_1_231' title='bbox 747 3876 833 3941; x_wconf 90' lang='lat' dir='ltr'>velut</span> <span class='ocrx_word' id='word_1_232' title='bbox 856 3875 959 3939; x_wconf 89' lang='lat' dir='ltr'>Plaut.</span> <span class='ocrx_word' id='word_1_233' title='bbox 975 3875 1056 3939; x_wconf 87' lang='lat' dir='ltr'>Men.</span> <span class='ocrx_word' id='word_1_234' title='bbox 1074 3873 1152 3939; x_wconf 83' lang='lat'><strong>677:</strong></span> <span class='ocrx_word' id='word_1_235' title='bbox 1184 3874 1270 3951; x_wconf 90' lang='lat' dir='ltr'>„scin</span> <span class='ocrx_word' id='word_1_236' title='bbox 1294 3871 1368 3953; x_wconf 91' lang='lat' dir='ltr'>quid</span> 
     </span>
     <span class='ocr_line' id='line_1_29' title="bbox 140 3979 1368 4065; baseline -0.002 -22"><span class='ocrx_word' id='word_1_237' title='bbox 140 3983 187 4044; x_wconf 89' lang='lat' dir='ltr'>est</span> <span class='ocrx_word' id='word_1_238' title='bbox 217 3982 299 4062; x_wconf 90' lang='lat' dir='ltr'>quod</span> <span class='ocrx_word' id='word_1_239' title='bbox 330 4001 387 4064; x_wconf 90' lang='lat' dir='ltr'>ego</span> <span class='ocrx_word' id='word_1_240' title='bbox 418 3983 456 4047; x_wconf 88' lang='lat' dir='ltr'>ad</span> <span class='ocrx_word' id='word_1_241' title='bbox 486 3985 518 4047; x_wconf 87' lang='lat' dir='ltr'>te</span> <span class='ocrx_word' id='word_1_242' title='bbox 550 3984 678 4048; x_wconf 68' lang='lat' dir='ltr'>venieb‘</span> <span class='ocrx_word' id='word_1_243' title='bbox 725 3983 922 4065; x_wconf 87' lang='lat' dir='ltr'>aDraegero</span> <span class='ocrx_word' id='word_1_244' title='bbox 945 3983 964 4048; x_wconf 93' lang='lat' dir='ltr'>l.</span> <span class='ocrx_word' id='word_1_245' title='bbox 989 4000 1013 4046; x_wconf 89' lang='lat' dir='ltr'>c.</span> <span class='ocrx_word' id='word_1_246' title='bbox 1039 4000 1108 4064; x_wconf 83' lang='lat' dir='ltr'>pag.</span> <span class='ocrx_word' id='word_1_247' title='bbox 1135 3979 1200 4046; x_wconf 82' lang='grc'>218</span> <span class='ocrx_word' id='word_1_248' title='bbox 1229 3981 1296 4045; x_wconf 89' lang='lat' dir='ltr'>iure</span> <span class='ocrx_word' id='word_1_249' title='bbox 1322 3979 1368 4043; x_wconf 85' lang='lat' dir='ltr'>ita</span> 
     </span>
     <span class='ocr_line' id='line_1_30' title="bbox 140 4088 1366 4174; baseline 0.002 -23"><span class='ocrx_word' id='word_1_250' title='bbox 140 4089 323 4171; x_wconf 82' lang='lat' dir='ltr'>explicatur:</span> <span class='ocrx_word' id='word_1_251' title='bbox 351 4110 431 4168; x_wconf 87' lang='lat' dir='ltr'>„uas</span> <span class='ocrx_word' id='word_1_252' title='bbox 453 4091 496 4156; x_wconf 92' lang='lat' dir='ltr'>ist</span> <span class='ocrx_word' id='word_1_253' title='bbox 518 4091 575 4156; x_wconf 92' lang='lat' dir='ltr'>das</span> <span class='ocrx_word' id='word_1_254' title='bbox 597 4091 687 4171; x_wconf 85' lang='lat' dir='ltr'>wohl,</span> <span class='ocrx_word' id='word_1_255' title='bbox 710 4093 743 4155; x_wconf 92' lang='lat' dir='ltr'>in</span> <span class='ocrx_word' id='word_1_256' title='bbox 758 4090 865 4174; x_wconf 85' lang='lat' dir='ltr'>Bezug</span> <span class='ocrx_word' id='word_1_257' title='bbox 888 4088 1009 4155; x_wconf 87' lang='lat' dir='ltr'>worauf</span> <span class='ocrx_word' id='word_1_258' title='bbox 1027 4089 1078 4154; x_wconf 89' lang='lat' dir='ltr'>ich</span> <span class='ocrx_word' id='word_1_259' title='bbox 1101 4108 1140 4153; x_wconf 88' lang='lat' dir='ltr'>zu</span> <span class='ocrx_word' id='word_1_260' title='bbox 1156 4090 1203 4153; x_wconf 87' lang='lat' dir='ltr'>dir</span> <span class='ocrx_word' id='word_1_261' title='bbox 1218 4088 1366 4154; x_wconf 86' lang='lat' dir='ltr'>komme“.</span> 
     </span>
     <span class='ocr_line' id='line_1_31' title="bbox 140 4196 1367 4284; baseline 0.002 -25"><span class='ocrx_word' id='word_1_262' title='bbox 140 4196 185 4260; x_wconf 79' lang='lat' dir='ltr'>Ex</span> <span class='ocrx_word' id='word_1_263' title='bbox 207 4198 384 4264; x_wconf 91' lang='lat' dir='ltr'>huiusmodi</span> <span class='ocrx_word' id='word_1_264' title='bbox 408 4199 632 4265; x_wconf 88' lang='lat' dir='ltr'>elocutionibus</span> <span class='ocrx_word' id='word_1_265' title='bbox 648 4200 725 4264; x_wconf 91' lang='lat' dir='ltr'>haec</span> <span class='ocrx_word' id='word_1_266' title='bbox 741 4200 859 4282; x_wconf 84' lang='lat' dir='ltr'>„quod‘</span> <span class='ocrx_word' id='word_1_267' title='bbox 876 4199 1044 4284; x_wconf 88' lang='lat' dir='ltr'>particulae</span> <span class='ocrx_word' id='word_1_268' title='bbox 1068 4197 1266 4280; x_wconf 88' lang='lat' dir='ltr'>usurpandae</span> <span class='ocrx_word' id='word_1_269' title='bbox 1289 4198 1367 4262; x_wconf 88' lang='lat' dir='ltr'>ratio</span> 
     </span>
     <span class='ocr_line' id='line_1_32' title="bbox 141 4306 1366 4391; baseline 0 -21"><span class='ocrx_word' id='word_1_270' title='bbox 141 4306 288 4388; x_wconf 90' lang='lat' dir='ltr'>originem</span> <span class='ocrx_word' id='word_1_271' title='bbox 317 4307 418 4384; x_wconf 85' lang='lat' dir='ltr'>duxit,</span> <span class='ocrx_word' id='word_1_272' title='bbox 446 4327 508 4389; x_wconf 86' lang='lat' dir='ltr'>qua</span> <span class='ocrx_word' id='word_1_273' title='bbox 535 4308 579 4371; x_wconf 93' lang='lat' dir='ltr'>ibi</span> <span class='ocrx_word' id='word_1_274' title='bbox 607 4309 710 4373; x_wconf 90' lang='lat' dir='ltr'>locum</span> <span class='ocrx_word' id='word_1_275' title='bbox 738 4307 846 4382; x_wconf 90' lang='lat' dir='ltr'>habet,</span> <span class='ocrx_word' id='word_1_276' title='bbox 877 4309 931 4373; x_wconf 90' lang='lat' dir='ltr'>ubi</span> <span class='ocrx_word' id='word_1_277' title='bbox 954 4325 1122 4391; x_wconf 89' lang='lat' dir='ltr'>pronomen</span> <span class='ocrx_word' id='word_1_278' title='bbox 1153 4306 1366 4371; x_wconf 88' lang='lat' dir='ltr'>correlatirum</span> 
     </span>
     <span class='ocr_line' id='line_1_33' title="bbox 142 4413 1366 4500; baseline 0 -22"><span class='ocrx_word' id='word_1_279' title='bbox 142 4413 293 4481; x_wconf 80' lang='lat' dir='ltr'>enuntiati</span> <span class='ocrx_word' id='word_1_280' title='bbox 315 4416 452 4500; x_wconf 88' lang='lat' dir='ltr'>primarii</span> <span class='ocrx_word' id='word_1_281' title='bbox 476 4415 622 4498; x_wconf 83' lang='lat' dir='ltr'>explicat,</span> <span class='ocrx_word' id='word_1_282' title='bbox 655 4435 747 4499; x_wconf 90' lang='lat' dir='ltr'>quem</span> <span class='ocrx_word' id='word_1_283' title='bbox 771 4436 865 4481; x_wconf 90' lang='lat' dir='ltr'>usum</span> <span class='ocrx_word' id='word_1_284' title='bbox 887 4416 1027 4481; x_wconf 92' lang='lat' dir='ltr'>omnium</span> <span class='ocrx_word' id='word_1_285' title='bbox 1052 4416 1242 4497; x_wconf 91' lang='lat' dir='ltr'>postremum</span> <span class='ocrx_word' id='word_1_286' title='bbox 1265 4414 1366 4478; x_wconf 87' lang='lat' dir='ltr'>ortum</span> 
     </span>
     <span class='ocr_line' id='line_1_34' title="bbox 142 4519 1366 4607; baseline -0.002 -20"><span class='ocrx_word' id='word_1_287' title='bbox 142 4540 209 4587; x_wconf 89' lang='lat' dir='ltr'>esse</span> <span class='ocrx_word' id='word_1_288' title='bbox 233 4519 425 4590; x_wconf 78' lang='lat' dir='ltr'>schmalzius</span> <span class='ocrx_word' id='word_1_289' title='bbox 449 4526 566 4602; x_wconf 90' lang='lat' dir='ltr'>censet,</span> <span class='ocrx_word' id='word_1_290' title='bbox 595 4543 657 4606; x_wconf 90' lang='lat' dir='ltr'>qua</span> <span class='ocrx_word' id='word_1_291' title='bbox 680 4524 747 4607; x_wconf 88' lang='lat' dir='ltr'>ipsa</span> <span class='ocrx_word' id='word_1_292' title='bbox 775 4543 811 4590; x_wconf 79' lang='lat' dir='ltr'>ex</span> <span class='ocrx_word' id='word_1_293' title='bbox 837 4542 884 4603; x_wconf 89' lang='lat' dir='ltr'>re,</span> <span class='ocrx_word' id='word_1_294' title='bbox 913 4542 1008 4606; x_wconf 90' lang='lat' dir='ltr'>quam</span> <span class='ocrx_word' id='word_1_295' title='bbox 1030 4541 1174 4606; x_wconf 82' lang='lat' dir='ltr'>perversa</span> <span class='ocrx_word' id='word_1_296' title='bbox 1201 4521 1265 4587; x_wconf 91' lang='lat' dir='ltr'>eius</span> <span class='ocrx_word' id='word_1_297' title='bbox 1289 4522 1366 4586; x_wconf 89' lang='lat' dir='ltr'>ratio</span> 
     </span>
    </p>
   </div>
   <div class='ocr_carea' id='block_1_4' title="bbox 0 0 1540 4996">
    <p class='ocr_par' dir='ltr' id='par_1_6' title="bbox 0 0 1540 4996">
     <span class='ocr_line' id='line_1_35' title="bbox 0 0 1540 4996; baseline 0 0"><span class='ocrx_word' id='word_1_298' title='bbox 0 0 1540 4996; x_wconf 95' lang='lat' dir='ltr'> </span> 
     </span>
    </p>
   </div>
  </div>
 </body>
</html>
