3068 4996
658 251 869 321 *32*

151 467 377 535 sententiarum
400 488 538 537 connexu
554 469 746 552 postulatur:
771 469 852 535 Nam
868 488 903 535 ea
920 470 1104 549 coniunctio,
1129 490 1224 553 quam
1240 467 1377 536 Gellium
1486 476 1489 482 '

151 575 550 659 posuisseeristimandum
568 578 624 655 est,
647 596 707 643 non
723 596 848 644 causam
865 577 993 659 inducit,
1019 578 1074 643 sed
1099 577 1202 658 „idam
1224 577 1284 643 sibi
1300 577 1378 656 vult,

151 685 234 767 quod
259 685 398 751 nostrum
423 684 588 763 „insofera
613 685 688 751 als.“

265 836 403 902 Verbum
428 835 492 901 eius
516 836 687 917 enuntiati,
713 835 796 917 quod
819 835 938 901 iustam
962 854 1086 900 eausam
1111 835 1210 912 affert,
1234 835 1378 903 omnibus

152 946 228 1010 locis
252 945 284 1009 in
308 944 476 1010 indicativo
498 944 635 1028 pesitum
659 946 716 1010 est.

264 1095 369 1162 Unum
415 1094 571 1162 invenitur
609 1096 799 1178 exemplum,
838 1095 891 1160 ubi
931 1095 1028 1174 ‚,sed“
1074 1093 1259 1176 particulam
1299 1098 1378 1175 „uu‘

153 1202 272 1289 (finale)
296 1203 444 1287 sequitur.

734 1419 805 1500 aa.

608 1574 920 1681 Quoniam.

265 1776 460 1858 „Quoniam‘
484 1775 665 1859 particulae,
691 1795 762 1841 cum
787 1795 822 1840 er
847 1781 982 1859 ‚,quom“
1012 1777 1043 1840 ei
1068 1775 1177 1859 ‚'‚J‘am·‘
1209 1775 1381 1858 composita

141 1884 206 1961 sit,
230 1882 410 1966 primariam
433 1883 694 1967 significationem
719 1902 784 1948 esse
807 1884 1010 1966 temporalem
1033 1902 1094 1948 non
1118 1883 1232 1948 mirum
1263 1882 1318 1948 est.
1342 1882 1381 1949 cf.

155 1992 292 2074 Draeger
315 1990 424 2072 §532
462 1991 552 2072 Apud
577 1989 715 2055 Gellium
740 1991 798 2056 duo
813 1991 916 2057 inveni
939 1990 1087 2073 exempla,
1112 1991 1166 2055 ubi
1190 1991 1381 2072 „quoniam“

154 2098 327 2181 particulae
353 2096 398 2162 vis
422 2116 504 2163 mere
527 2098 709 2181 temporalis
733 2098 899 2164 tribuenda
923 2100 978 2163 est.
1023 2097 1076 2175 VI,
1100 2098 1132 2178 ὃ,
1156 2097 1191 2162 4;
1217 2097 1269 2176 „ls
1285 2096 1381 2163 Polus

154 2197 245 2272 unice
277 2205 418 2271 amatum
442 2205 543 2270 lilium
568 2206 669 2272 morte
700 2206 814 2272 amisit.
861 2205 944 2271 llum
975 2206 1095 2271 luctum
1126 2206 1271 2288 quoniam
1304 2205 1382 2270 satis

155 2314 240 2379 visus
264 2315 312 2377 est
328 2313 479 2393 eluxisse,
505 2312 597 2379 rediit
614 2314 653 2378 ad
670 2315 833 2395 quaestum
858 2313 966 2379 artis.“
1007 2313 1053 2376 De
1069 2312 1128 2378 hoc
1150 2314 1218 2380 loco
1241 2313 1382 2396 disputat

156 2421 323 2505 Gorgesius
347 2421 367 2487 l.
392 2440 416 2486 c.
441 2440 470 2503 p.
493 2422 550 2485 42:
574 2419 788 2504 „Temporalis
816 2420 914 2498 ratio,
945 2420 982 2485 de
1011 2440 1071 2504 qua
1094 2420 1154 2486 rid.
1188 2420 1327 2503 Draager
1349 2421 1380 2485 ll

154 2530 173 2613 p
198 2531 273 2606 532,
297 2547 358 2593 nen
381 2547 506 2611 prorsus
529 2526 636 2609 negari
659 2546 747 2611 posse
769 2527 923 2593 uidetur!⁸
970 2527 1100 2594 Censere
1130 2528 1230 2612 igitur
1259 2528 1383 2594 videtur

155 2635 324 2720 Gorgesius
347 2635 487 2702 hocloco
504 2635 544 2700 ad
561 2635 716 2723 causalem
732 2635 996 2719 significationem
1011 2635 1213 2719 temporalem
1228 2635 1383 2713 accedere,

156 2742 210 2807 sed
234 2743 339 2826 potius
363 2763 412 2809 res
435 2743 482 2808 ita
507 2762 538 2808 se
561 2743 667 2821 habet,
692 2745 726 2808 ut
750 2742 921 2826 particulae
937 2743 1126 2826 significatio
1142 2742 1283 2809 hocloco
1299 2761 1383 2809 mere

155 2851 334 2932 temporalis
359 2851 408 2916 sit.
1213 2868 1215 2873 ·

268 3003 358 3068 Alter
380 3002 466 3067 locus
491 3004 539 3068 est
563 3003 631 3082 XV,
658 3003 710 3081 27,
734 3004 770 3067 4:
803 3003 993 3086 „Propterea
1021 3000 1197 3067 centuriata
1219 3001 1250 3066 in
1275 3019 1383 3084 campo

158 3109 271 3175 Martio
312 3109 418 3173 haberi
462 3109 693 3193 exercitumque
739 3110 888 3192 imperari
932 3109 1077 3192 praesidii
1113 3127 1207 3174 causa
1242 3107 1382 3187 solitum,
1480 3196 1482 3201 ,

158 3217 303 3299 quoniam
332 3217 466 3299 populus
495 3217 579 3281 esset
606 3216 639 3279 in
671 3215 825 3301 suffragiis
853 3216 988 3281 ferendis
1021 3220 1222 3299 occupatus“.
1270 3215 1384 3282 Vocem

159 3324 360 3408 ‚propterea“
395 3341 455 3388 non
490 3323 530 3389 ad
565 3323 767 3407 ‚‚qu0niam“,
804 3325 857 3388 sed
893 3324 931 3388 ad
968 3324 1167 3389 enuntiatum
1200 3322 1384 3388 antecedens

159 3436 298 3516 spectare
331 3449 420 3497 nemo
450 3449 511 3496 non
541 3430 635 3497 videt.
681 3430 879 3512 „Quoniam‘
910 3432 968 3498 hoc
998 3432 1067 3497 loon
1096 3429 1179 3495 idem
1210 3430 1271 3496 sibi
1302 3429 1384 3508 uult,

158 3541 238 3623 quod
254 3539 349 3622 vulgo
366 3538 559 3620 „quamdiu“
576 3537 625 3602 vel
642 3537 770 3616 „dum“.
807 3538 1047 3604 assentiendum
1063 3536 1161 3619 igitur
1176 3538 1223 3602 est
1238 3536 1383 3617 Weissio,

158 3648 212 3728 qui
242 3647 345 3712 locum
376 3645 421 3710 ita
452 3645 558 3710 uertit:
599 3663 654 3724 „sc
687 3645 780 3729 lange
813 3645 867 3711 das
897 3645 975 3711 Vollr
1010 3644 1092 3709 beim
1125 3643 1384 3729 Stimmabgebcn

158 3754 348 3836 beschaftigt
372 3755 467 3817 uar.“

271 3905 361 3968 Hanc
398 3904 550 3969 rationem
588 3901 783 3985 ‚2iueniam“
824 3903 997 3986 particulae
1036 3901 1263 3985 significatione
1301 3922 1385 3968 mere

159 4011 325 4094 temporali
354 4010 548 4092 usurpandae
572 4007 710 4074 Gellium
734 4029 769 4075 ex
792 4009 905 4077 Plauto
929 4010 1101 4093 ceterisque
1125 4010 1237 4093 priscis
1268 4009 1385 4093 sripto·

158 4119 245 4183 ribus
277 4118 417 4183 hausisse
448 4135 630 4200 persuasum
660 4117 767 4182 habeo.
814 4116 896 4182 Nam
919 4119 991 4201 post
1014 4117 1210 4196 Terentium,
1242 4117 1295 4201 qui
1319 4116 1385 4199 ipse

159 4226 239 4291 hano
269 4225 456 4309 particulam
486 4224 650 4308 temporali
685 4224 911 4306 significatione
947 4224 1006 4290 nisi
1037 4225 1194 4290 rarissime
1226 4225 1288 4288 iam
1321 4240 1384 4288 non

158 4334 302 4416 usurpat,
334 4332 454 4417 primus
479 4330 599 4397 Gellius
622 4333 704 4396 hunc
733 4351 825 4397 usum
849 4332 1023 4408 renovarit,
1055 4350 1153 4414 quum
1176 4349 1278 4414 neque
1303 4329 1385 4412 apud

159 4457 271 4505 aureae
302 4458 400 4522 neque
430 4439 512 4521 apud
545 4440 709 4520 argenteae
738 4439 906 4504 latinitatis
938 4439 1079 4503 auctores
1111 4437 1193 4502 ullus
1224 4437 1312 4502 locus
1343 4436 1387 4499 in·

160 4547 316 4626 veniatur,
353 4547 408 4611 ubi
442 4545 630 4630 teucriam*
664 4545 822 4629 particula
852 4543 1077 4627 significatione
1108 4562 1192 4608 mere
1222 4542 1387 4626 temporali
