3068 4996
657 287 700 305 -·-
741 251 791 321 37⁷
830 288 875 315 -·.

149 470 346 552 putaremus,
377 488 438 536 non
462 472 551 551 recte
583 469 808 550 statueremus,
850 469 1001 554 siquidem
1032 471 1154 537 constat
1186 468 1376 554 ‚duoniam‘ss‘

150 575 318 659 particulae
341 576 494 662 originem
516 595 553 645 er
577 581 693 657 ,‚eum“
717 579 881 662 particula,
909 598 987 662 quae
1011 577 1191 662 saepissime
1209 579 1291 645 banc
1313 562 1390 645 rins.

151 683 256 763 habet,
281 684 484 768 repetendam
507 703 581 757 esso.

262 811 291 874 6.
328 810 374 876 De
390 810 489 875 modis
502 812 571 892 post
585 810 772 892 „quoniam“
787 809 946 894 usurpatIs
960 829 1058 893 pauca
1069 811 1219 876 annotare
1233 810 1380 883 sufficiat.

262 934 295 1020 a)
319 935 362 998 Ut
384 937 457 1018 post
480 935 561 1016 quod
585 937 616 1000 et
641 937 767 1017 ‚‚quia“,
791 937 839 1000 ita
862 936 960 1036 etiarn
983 936 1054 1019 post
1082 936 1272 1017 „quoniam“
1296 937 1380 1001 haud

151 1043 198 1108 its
229 1061 297 1108 raro
328 1042 362 1106 in
393 1043 532 1108 oratione
564 1042 689 1124 obliqua
718 1043 910 1108 indicativus
941 1062 995 1124 pro
1027 1043 1222 1109 coniunctivo
1253 1043 1379 1126 legitur·

152 1149 204 1215 Sic
227 1150 267 1228 lI,
292 1152 323 1228 4,
349 1152 384 1225 6;
410 1151 462 1229 IV,
489 1152 518 1228 3,
547 1155 579 1227 I;
605 1149 660 1226 XI,
686 1152 736 1228 12,
763 1152 796 1227 1;
819 1151 903 1225 XIV,
933 1158 959 1226 l,
984 1152 1018 1227 43
1044 1148 1148 1230 XVII,
1176 1155 1203 1226 l,
1232 1155 1258 1217 1.
1285 1162 1292 1190 ⁸
1371 1196 1377 1208 ,

263 1275 366 1339 Pauca
389 1275 662 1368 annotandasunt
686 1275 723 1340 de
747 1275 802 1354 XI,
831 1277 859 1353 1,
886 1278 913 1343 1,
957 1277 1025 1340 Hoc
1048 1276 1116 1341 loeo
1141 1277 1234 1341 codex
1258 1277 1296 1342 N.
1322 1296 1378 1359 pro

152 1383 340 1464 „quoniam“
370 1384 501 1465 praebet
536 1385 682 1465 ‚‚quonr“,
714 1383 774 1448 sed
800 1402 869 1447 cum
900 1384 1009 1467 reliqui
1042 1383 1161 1448 codices
1192 1385 1379 1466 „quoniarn“

151 1489 327 1571 praebeant,
350 1509 421 1554 oum
444 1489 616 1555 editoribus
640 1489 819 1556 laciendum
836 1494 893 1566 est,
917 1491 970 1573 qui
995 1490 1184 1573 „quoniam“
1209 1491 1239 1555 in
1257 1493 1380 1556 textum

150 1597 341 1679 receperunt.
388 1596 449 1660 Pro
475 1597 625 1673 „vocitati
648 1598 754 1674 snut“,
785 1598 867 1679 quod
898 1597 1044 1661 omnibns
1073 1597 1228 1662 codicibus
1258 1601 1382 1680 excepto

152 1703 183 1781 Z,
207 1704 260 1785 qui
284 1705 409 1769 verbum
434 1705 551 1782 „sunt“
575 1704 697 1781 omisit,
730 1704 928 1786 perhibetur,
962 1704 1033 1770 Alb.
1056 1704 1134 1768 Lien
1159 1704 1241 1786 legit
1264 1704 1382 1781 „sint“,

152 1829 213 1892 que
235 1813 363 1876 auctore
395 1811 490 1875 etiarn
521 1811 669 1876 Hertaius
701 1812 806 1892 „sint“
837 1812 870 1876 in
898 1814 1021 1876 textum
1050 1812 1176 1893 recepit.
1228 1810 1290 1874 Sed
1320 1830 1383 1877 non

152 1917 251 1995 rideo,
276 1937 334 2002 quo
358 1919 435 1995 iure,
456 1936 530 1984 narn
554 1918 615 1984 etsi
639 1920 777 2001 sequitur
808 1919 1024 1988 coniunctivus
1061 1906 1175 1996 „solita
1205 1918 1300 1994 sint“,
1331 1920 1384 1999 qui

152 2024 218 2108 lpse
242 2043 364 2109 quoque
388 2043 424 2091 ex
447 2025 641 2109 ‚quoniem“
666 2027 825 2108 particula
848 2027 976 2109 pendet,
1000 2029 1103 2091 tamon
1129 2045 1188 2090 non
1214 2026 1277 2101 est,
1301 2025 1382 2107 quod

152 2132 245 2198 lectio
269 2133 383 2199 tradita
406 2134 555 2200 mutetur.
602 2132 685 2227 Nam
707 2133 830 2217 saepius
854 2134 935 2217 apud
959 2133 1099 2199 Gellium
1131 2133 1162 2197 in
1188 2133 1294 2197 eodem
1318 2151 1383 2196 ver·

153 2239 263 2304 borum
279 2240 411 2307 circuitu
426 2241 586 2307 modorum
602 2241 738 2306 mutatio
754 2242 922 2325 reperitur;
947 2241 985 2306 ef.
1004 2241 1057 2318 XI,
1082 2244 1112 2318 5,
1137 2242 1172 2318 73
1197 2239 1270 2321 XII,
1298 2241 1337 2336 7,
1352 2242 1383 2306 4.

232 2444 234 2448 y
263 2365 297 2448 b)
336 2366 558 2442 Coniunctivue
592 2366 644 2431 ubi
678 2365 809 2448 legitur,
849 2366 940 2431 facile
978 2385 1013 2432 er
1050 2366 1201 2431 orationis
1237 2365 1382 2447 obliquae
1428 2431 1430 2436 .

153 2473 272 2538 ratione
302 2473 479 2557 explicatur.
532 2475 602 2539 Duo
637 2475 853 2538 tantummodo
886 2472 946 2538 loci
983 2476 1157 2539 memoratu
1190 2473 1276 2556 digni
1316 2491 1383 2538 esse

153 2580 311 2646 videntur:
341 2581 403 2657 Ill,
436 2584 471 2659 2,
506 2584 562 2647 10:
598 2580 755 2658 „Maiores
785 2583 893 2645 eutem
923 2582 985 2645 mei
1017 2580 1225 2646 AthenIenses
1256 2581 1382 2645 nomina

153 2687 300 2755 iuvenum
335 2687 575 2753 fortissimorum
596 2688 775 2753 ‘Harmodii
813 2689 852 2752 et·
882 2687 1124 2770 Aristogitonis,
1160 2707 1199 2752 ne
1234 2707 1383 2770 umquam

153 2795 252 2879 serris
282 2795 386 2861 indere
418 2796 542 2873 liceret,
578 2795 700 2862 decreto
735 2794 860 2878 publico
895 2796 1076 2873 sanxerunt,
1113 2795 1259 2877 quoniam
1296 2795 1382 2859 nefas

153 2901 301 2966 ducerent
324 2903 452 2968 nomina
475 2955 482 2968 .
507 2956 513 2968 .
539 2954 546 2968 .
569 2902 700 2986 pollui.“

185 3088 189 3094 .
232 3086 235 3098 ,
264 3026 333 3091 Hoc
354 3026 421 3098 loeo
437 3029 652 3094 coniunctione
668 3027 788 3110 ahquid
803 3026 983 3092 offensionls
1000 3027 1105 3104 hebet,
1131 3045 1202 3090 nem
1220 3026 1247 3090 si
1263 3025 1381 3108 logIcas

153 3131 238 3216 leges
254 3137 381 3199 secutus
398 3115 490 3215 esset,
508 3134 628 3207 Gellius
645 3134 777 3201 seribere
795 3134 905 3200 debuit
919 3136 976 3200 aut
1000 3133 1165 3216 „quonlam
1185 3131 1271 3197 netas
1288 3133 1380 3197 duee-

154 3239 253 3306 banr‘
270 3243 325 3306 aut
342 3241 508 3324 „queniam
525 3242 611 3312 nefas
628 3244 741 3307 esset.“
781 3242 840 3306 Sed
856 3260 928 3304 enm
944 3242 992 3305 vel
1007 3241 1141 3323 optirnos
1164 3240 1328 3322 scriptores
1352 3240 1384 3302 in

155 3347 326 3419 enuntiatis
350 3348 528 3414 causalibus
552 3349 716 3415 verborum
733 3348 885 3412 sentIendi
910 3350 941 3414 et
957 3340 1133 3412 declarendi
1150 3347 1384 3412 coniunctivurn

154 3455 238 3521 haud
261 3455 307 3520 ita
329 3475 398 3521 raro
421 3475 533 3539 ponere
556 3457 687 3533 constet,
710 3455 807 3521 etiam
825 3454 963 3520 Gellium
987 3455 1045 3519 hoc
1068 3454 1135 3519 loco
1159 3455 1238 3518 hane
1262 3453 1382 3518 dicendi

154 3562 305 3628 rationem
329 3564 417 3646 sequi
441 3583 500 3629 non
524 3563 639 3629 mirum
663 3567 726 3644 est,
750 3580 957 3645 quamquem,
991 3563 1028 3625 ut
1052 3579 1145 3642 supra
1168 3561 1320 3636 vidimus,
1351 3559 1383 3622 in

155 3670 326 3736 enuntiatis
349 3689 386 3735 ex
410 3671 532 3754 „quod‘
556 3674 588 3735 et
611 3670 728 3754 „quia“
752 3669 911 3752 suspensis
942 3667 1054 3750 ubique
1085 3668 1193 3732 horum
1219 3669 1383 3733 verborum

98 3812 102 3817 -
156 3775 364 3843 indicativum
394 3779 578 3861 usurpavit,
620 3777 763 3847 Ceterum
799 3778 895 3841 etiarn
931 3775 989 3840 hoc
1022 3774 1089 3840 loeo
1125 3773 1218 3839 codex
1252 3774 1292 3837 N.
1327 3793 1390 3857 pro.

157 3885 354 3968 „quoniem“,
380 3886 462 3968 quod
485 3885 598 3967 reliqui
621 3885 780 3969 praebent,
806 3887 943 3968 „quomf‘
967 3883 1118 3965 perhibet.
1200 3927 1203 3933 ·

267 4009 358 4091 Alter
379 4010 475 4089 locus,
498 4028 558 4092 quo
582 4011 794 4075 coniunctivae
822 4008 926 4091 paullo
957 4006 1143 4072 insolentius
1172 4007 1290 4088 positus
1319 4023 1383 4069 esse

157 4117 292 4197 ridetur,
316 4117 432 4198 legiler
457 4117 496 4196 X,
521 4119 573 4194 20,
599 4121 632 4181 5:
658 4117 807 4195 „Plebem
829 4119 937 4180 autem
955 4114 1066 4196 Capito
1089 4115 1123 4177 in
1147 4111 1254 4177 eadem
1275 4111 1384 4178 defini-

157 4211 243 4290 tione
267 4243 405 4291 seorsum
421 4243 440 4288 e
454 4224 567 4307 populo
591 4224 709 4300 divisit,
735 4223 931 4306 quoniam-in
955 4221 1068 4304 populo
1093 4220 1192 4285 omnis
1215 4239 1286 4301 pars
1309 4218 1385 4285 eivi-

156 4332 233 4397 tetis
256 4350 421 4414 omnesque
446 4324 511 4396 eius
534 4330 656 4395 ordines
680 4329 908 4407 contineantur,
934 4328 1020 4410 plebs
1045 4346 1117 4392 vero
1134 4345 1169 4391 ea
1193 4326 1327 4404 dicatur,
1352 4326 1383 4389 in

158 4457 217 4522 qua
247 4439 355 4521 gentes
384 4438 498 4504 civium
526 4437 677 4520 patriciae
711 4454 770 4501 non
803 4437 940 4501 insunt.“
987 4435 1055 4500 Hoc
1077 4434 1143 4498 loco
1168 4430 1384 4496 coniunctivus

158 4563 195 4615 ex
226 4545 370 4628 opinione
400 4543 559 4628 Capitonis
594 4543 793 4628 explicandus
827 4561 894 4608 esse
923 4541 1061 4618 videtur,
1092 4540 1144 4609 sed
1175 4538 1384 4605 indicativum
