3068 4996
661 259 871 335 ..qu

154 482 311 551 ablativus
337 484 556 563 „nominibus“
579 483 775 568 explicatur:
799 483 895 549 Nicht
919 482 989 549 dari
1008 502 1082 550 man
1106 482 1173 550 sich
1196 482 1294 551 durch
1318 463 1377 552 den

154 591 499 658 llinwandbeetimmen
510 592 624 670 lusson,
642 592 714 657 dass
731 643 737 663 .
754 642 762 659 .
779 644 785 659 .
804 608 815 659 .’
827 591 954 658 (lodices
968 592 993 656 P
1005 594 1037 657 et
1048 592 1077 657 R
1088 614 1144 679 pro
1161 584 1380 672 „nomimbus‘

154 700 319 785 praebent:
344 699 394 778 „in
417 699 593 778 omnibus“,
617 700 671 765 sed
687 717 794 764 omnes
811 699 944 764 editores
966 719 1021 765 suo
1036 700 1201 766 iure‘hano
1215 702 1385 768 lectionem·

154 808 355 891 respuerunt,
379 806 492 892 quippe
516 825 596 889 quae
619 827 638 872 a
660 806 885 872 sententiarum
908 826 990 872 nexu
1013 801 1138 890 prorsus
1162 807 1263 874 aliena
1286 809 1337 874 sit.

196 959 198 962 ⁴
268 934 377 998 Porro:
403 932 456 1010 IV,
480 933 511 1011 6,
535 933 572 1008 3;
601 930 685 1010 XVI,
713 933 762 1011 ld,
789 932 838 998 13.

267 1058 375 1142 Neque
398 1059 526 1142 genitivi
540 1077 648 1141 neque
672 1058 769 1125 dativi
792 1060 933 1143 exempla
956 1060 1068 1126 inveni

268 1203 296 1288 c)
321 1203 490 1268 Videamus
505 1203 578 1281 iam,
603 1203 656 1284 qui
671 1203 713 1268 sit
727 1202 877 1270 formulae
901 1204 982 1283 „nisi
1000 1204 1102 1286 qnod‘
1119 1222 1195 1270 usus
1212 1204 1382 1272 Gellianus.

158 1311 313 1387 „Tantum
337 1310 448 1394 quod“,
475 1311 618 1393 „excepto
642 1311 761 1392 quod“,
787 1313 1023 1395 „praeterquam
1049 1312 1149 1393 quod‘
1174 1332 1236 1377 non
1260 1312 1383 1395 legitur.

269 1435 370 1500 Huius
398 1434 551 1500 formulae
579 1434 764 1518 significatio
793 1437 942 1501 aWenio
970 1438 1009 1504 ad
1033 1437 1131 1502 Taciti
1155 1438 1331 1519 Agricolam
1355 1440 1383 1504 6.
1443 1499 1445 1502 a

157 1543 202 1606 ita
225 1542 409 1625 explicatur:
434 1541 520 1620 „Nisi
545 1543 625 1626 qnod
642 1543 751 1609 dieunt
765 1543 878 1622 Latini,
903 1564 975 1610 cum
998 1545 1136 1609 limitant
1155 1547 1386 1628 pronuntiatam
1489 1628 1498 1643 ,

158 1649 295 1732 aliquam
312 1650 511 1729 sententiam,
536 1652 642 1731 itaut,
667 1651 750 1733 quod
765 1653 908 1719 universe
932 1655 964 1717 et
987 1654 1128 1718 absolute
1151 1655 1387 1737 pronuntiatum

158 1758 215 1835 est,
240 1756 448 1841 exceptionem
472 1758 608 1841 aliquam
632 1760 744 1825 habere
768 1761 800 1825 et
823 1761 1022 1844 aliquatenus
1044 1761 1296 1840 restringendum
1320 1781 1387 1828 esse

159 1863 272 1930 dicant.
319 1864 487 1943 „Similiter
514 1867 655 1950 disputat
678 1869 852 1950 Draegerns
879 1869 899 1934 l.
925 1887 949 1934 c.
973 1868 1004 1932 ll
1026 1890 1055 1953 p.
1080 1870 1153 1934 382.
1202 1868 1271 1933 Nisi
1294 1870 1387 1952 qnod,

160 1991 241 2048 ,nur
263 1973 357 2038 dass“
380 1973 559 2041 bezeichnet
582 1973 650 2041 eine
674 1975 850 2042 Thatsache
874 1978 921 2041 als
945 1977 1012 2041 eine
1036 1976 1246 2041 dusnahme.“

269 2098 360 2181 Apud
385 2097 522 2164 Gellium
545 2100 626 2177 „nisi
650 2100 752 2183 quod“
779 2101 898 2166 dnobus
927 2102 1002 2167 locis
1036 2102 1168 2182 legitur;
1203 2101 1244 2179 V,
1276 2101 1332 2177 17,
1366 2105 1385 2167 5

160 2209 192 2271 et
212 2199 270 2285 IX,
294 2208 336 2285 9,
350 2208 379 2272 9.
424 2207 460 2284 V,
487 2207 537 2286 17,
562 2209 600 2270 5:
625 2208 733 2286 „Nihil
749 2228 805 2273 nos
828 2227 919 2292 super
936 2228 973 2274 ea
987 2228 1020 2272 re
1036 2209 1185 2291 scriptum
1201 2208 1388 2287 invenimus,

160 2313 219 2378 nisi
235 2312 316 2395 quod
332 2311 368 2394 Q.
380 2313 529 2379 Claudius
546 2315 705 2380 annalium
723 2316 830 2396 quinto
846 2317 967 2380 cladem
978 2302 1067 2381 illam
1081 2334 1205 2399 pugnae
1218 2315 1400 2393 Cannensis,

160 2421 371 2486 vastissimam
393 2419 508 2486 factam
533 2421 607 2485 dicit
630 2425 702 2486 ante
726 2423 809 2488 diem
831 2425 978 2505 quartum
1001 2422 1109 2488 Nonas
1132 2421 1291 2489 Sextiles.“

273 2544 329 2623 IX,
354 2547 383 2621 9,
408 2549 443 2610 9;
467 2534 553 2623 „Hoc
574 2546 670 2627 igitur
683 2549 811 2632 reliquit
834 2551 865 2614 et
889 2553 991 2615 cetera
1010 2549 1103 2615 vertit
1118 2539 1180 2613 non
1196 2549 1389 2628 infestivlter,

160 2653 221 2717 nisi
244 2652 327 2735 qnod
350 2670 501 2736 „caprum
525 2652 611 2730 dixit,
637 2673 731 2736 quem
752 2658 933 2723 Theocritus
956 2662 1079 2744 ἐνόρχαν
1104 2657 1299 2741 appellarit.“

194 2778 196 2788 '
272 2778 362 2856 XIX,
389 2779 491 2856 8,14
519 2780 622 2845 codice
646 2780 681 2859 Q.
697 2783 878 2866 praebetur:
908 2783 988 2860 „nisi
1011 2783 1128 2866 quod“,
1159 2783 1211 2848 sed
1241 2800 1297 2847 suo
1323 2782 1390 2846 iure

163 2905 267 2951 omnes
291 2886 423 2950 editores
448 2886 528 2964 „nisi
553 2888 657 2969 quid‘,
684 2907 764 2972 quae
778 2890 869 2955 lectio
893 2891 1003 2955 ceteris
1020 2891 1176 2956 codicibus
1199 2889 1389 2973 perhibetur,

162 2993 194 3055 in
216 2995 339 3059 textum
361 2995 594 3102 receperunti)

270 3152 296 3223 *)
315 3150 486 3209 Schmalzins
503 3151 521 3207 l.
542 3165 564 3206 c.
583 3165 639 3221 pag
656 3148 710 3206 339
728 3148 796 3207 baec
814 3147 947 3221 disputat:
967 3144 1132 3218 „Wie-man
1149 3147 1217 3204 statt
1236 3143 1389 3214 „neminem

163 3237 220 3297 vidi
238 3242 344 3313 praeter
361 3241 407 3298 te“
426 3241 496 3298 auch
515 3241 606 3312 sagte:
627 3237 699 3309 „nisi
717 3239 772 3308 te“,
790 3253 819 3294 so
838 3238 886 3294 hat
904 3236 963 3295 sich
983 3237 1071 3294 neben
1088 3237 1196 3313 praeter
1214 3234 1286 3308 quod
1306 3235 1390 3293 schon

163 3329 243 3387 l'rlihe
260 3328 316 3388 nisi
333 3330 404 3403 quod
417 3329 564 3403 gebildet‚“
592 3328 727 3387 flaccum
741 3326 867 3399 opinione
879 3342 934 3384 uon
947 3325 1074 3384 convenit
1085 3325 1122 3396 id,
1136 3325 1208 3398 quod
1221 3324 1392 3384 Schmalaius

164 3437 219 3492 pag
236 3419 290 3478 340
308 3418 386 3478 dicit:
416 3419 487 3490 „biit
509 3419 615 3492 praeter
638 3434 720 3489 quam
739 3419 802 3475 ua
829 3416 878 3472 hat
900 3416 965 3487 quia
988 3415 1033 3472 nie
1055 3414 1115 3471 eine
1133 3410 1319 3486 Verbindung'
1333 3413 1393 3472 oin·

165 3525 319 3583 gegangen,
338 3524 445 3567 uorans
458 3526 492 3566 nn
505 3507 661 3576 sobliesssn,
676 3506 723 3563 das
736 3522 789 3562 nur
801 3504 857 3562 nisi
871 3504 941 3576 quod
954 3503 1011 3561 und
1024 3503 1080 3560 nisi
1092 3509 1158 3575 quia
1169 3502 1391 3572 volksthiimlicb,

49 3628 51 3632 ·
165 3596 208 3657 die
226 3598 329 3656 andern
341 3598 524 3670 Wendungen
543 3597 607 3654 aber
625 3595 764 3653 kinstlich
783 3593 993 3666 nachgebildetc
1010 3609 1100 3650 waren
1119 3592 1176 3650 und
1193 3592 1306 3649 deshalb
1323 3591 1394 3649 anch

165 3686 224 3744 sich
241 3705 296 3746 nur
314 3685 463 3746 vereinzelt
480 3687 598 3745 finden.·“
638 3684 680 3742 lta
698 3686 750 3755 his,
768 3700 839 3757 quae
851 3681 995 3757 posteriori
1007 3684 1067 3741 loco
1079 3681 1249 3742 Schmalnius
1261 3680 1393 3753 disputat,

165 3774 224 3833 sine
247 3777 328 3834 dubio
351 3778 464 3850 apparet
485 3776 633 3834 formulam
659 3774 732 3847 „nisi
755 3774 845 3847 quod“
864 3772 949 3847 priori
971 3776 1093 3845 tempore
1117 3774 1204 3830 ortam
1229 3785 1393 3845 essequam

165 3865 296 3924 formulas
324 3868 449 3938 „praeter
472 3865 562 3939 quod‘
591 3868 619 3924 et
646 3866 877 3939 „praeterquam
903 3863 1001 3936 quod“,
1029 3862 1059 3920 id
1086 3859 1264 3935 quodetiam
1290 3860 1342 3917 hac
1364 3875 1393 3916 re

166 3955 354 4021 confirmatur,
379 3955 451 4028 quod
474 3955 592 4014 lormula
616 3957 741 4028 „praeter
764 3954 855 4027 quod‘
879 3970 935 4013 non
957 3955 1020 4010 ante
1044 3951 1156 4009 Florum
1179 3953 1207 4008 et
1229 3948 1393 4007 Frontonem

166 4044 312 4104 invenitur.
349 4045 400 4103 Sed
418 4062 453 4103 ne
475 4045 526 4103 hoc
550 4045 659 4118 quidem
678 4043 878 4103 concedendum
897 4058 955 4101 esse
973 4041 1096 4113 videtur,
1121 4041 1254 4098 formulas
1272 4040 1395 4116 „praeter

166 4133 255 4205 quod“
274 4136 303 4192 et
321 4137 541 4208 „praeterquam
556 4135 646 4207 qnod‘
667 4152 699 4192 ex
711 4133 830 4191 formula
849 4131 921 4203 „nisi
934 4132 1023 4204 qnod‘
1043 4130 1178 4204 originem
1192 4128 1309 4198 duxisse,
1329 4144 1394 4184 nam

166 4222 264 4280 harum
282 4223 463 4283 formularum
488 4223 654 4297 significatio
677 4239 789 4296 prorsus
807 4221 915 4279 diversa
933 4224 975 4279 est
997 4237 1014 4278 a
1036 4219 1238 4293 significatione
1260 4218 1395 4277 fomrulae

167 4309 239 4380 „nisi
257 4313 356 4386 quodi
395 4311 464 4371 Nam
482 4313 610 4371 termulis
629 4315 754 4387 „praeter
772 4312 861 4385 qnod“
880 4313 908 4369 et
932 4313 1157 4383 „praeterquam
1176 4310 1265 4382 qnod‘
1290 4308 1392 4366 factum

167 4399 276 4477 aliquod
299 4389 485 4477 significatur,
516 4403 550 4461 ad
574 4402 646 4475 quod
668 4401 745 4459 aliud
769 4401 872 4459 factum
901 4399 1018 4469 accedit,
1051 4400 1170 4459 formula
1205 4397 1277 4470 „nisi
1305 4395 1395 4469 quod‘l

167 4487 270 4548 facturn
289 4490 471 4566 significatur,
489 4509 544 4566 quo
562 4491 797 4551 commemorando
815 4489 952 4548 indicatur
969 4489 1142 4560 sententiam,
1167 4506 1237 4562 quae
1255 4485 1395 4547 enuntiato

168 4578 315 4655 principali
332 4581 494 4653 continetur,
515 4581 699 4656 exceptionem
719 4579 839 4655 aliquam
858 4579 964 4637 habere.
1095 4586 1114 4591 ·’
