3068 4996
631 279 877 344 ...4-1..

166 541 168 548 ,
268 489 414 555 Ηο111110
436 490 468 553 11
493 488 627 556 editione
650 489 745 573 priori
775 491 899 556 secutus
915 491 1050 557 'codices
1072 490 1176 571 Ι(118,
1206 493 1259 575 qui
1288 494 1383 583 „ante
1460 540 1464 548 -

155 596 327 664 Kalendis“
366 597 531 680 praebent,
571 595 635 663 levi
673 597 849 664 mutatione
888 597 1030 665 adhibita
1066 600 1163 683 legit:
1210 618 1270 679 „an
1309 601 1383 666 ante

155 705 338 772 Kalendas“.
380 706 470 770 Hanc
486 704 653 770 lectionem
676 704 856 771 mendosam
880 724 946 772 esse
962 705 1188 772 demonstravit
1203 707 1383 792 Madvigius

154 813 289 901 (advers.
303 812 402 879 critic.
415 812 447 877 ΙΙ
458 830 529 895 pag.
543 812 631 896 603),
649 812 789 879 ostendit
805 813 897 893 enim,
916 812 957 890 id,
974 814 1056 897 quod
1071 814 1199 897 insuper
1211 813 1382 898 dubitetur,

154 941 229 1000 esse,
252 939 293 986 an
309 918 462 987 Kalendis
486 937 614 1002 quoque,
638 939 710 997 non,
732 939 774 985 an
797 921 870 985 ante
887 920 1046 986 Kalendas
1062 920 1257 1004 pronuntiari
1273 922 1381 1005 possit.

155 1029 239 1096 Idem
266 1028 380 1094 ibidem
404 1026 549 1111 proponit
581 1046 682 1108 „anne
705 1027 888 1108 Kalendis‘,
923 1030 979 1095 sed
1014 1029 1118 1112 potius
1152 1049 1223 1095 cum
1253 1028 1381 1093 Hertnio

154 1137 330 1203 faciendum
360 1138 423 1214 est,
454 1135 566 1219 quiin
599 1134 732 1201 alteram
755 1135 924 1202 editionem
947 1137 1077 1220 recepit:
1114 1155 1175 1216 „an
1197 1135 1381 1215 Kalendis“,

154 1262 233 1327 quae
257 1244 368 1322 lectio,
400 1244 459 1310 etsi
490 1243 647 1309 codicibus
670 1242 758 1309 XOll
781 1245 958 1326 praebetur,
991 1245 1029 1308 ad
1053 1244 1085 1307 id
1109 1246 1234 1327 tempus
1257 1262 1383 1327 prorsus

154 1352 299 1435 neglecta
323 1352 397 1417 erat.
436 1350 543 1415 litium
567 1352 623 1417 hoc
646 1352 714 1418 loco
736 1353 766 1415 in
784 1353 938 1436 particula
963 1353 1128 1434 ,0101110ί
1153 1352 1383 1418 adversativam

154 1457 216 1525 vim
240 1460 341 1523 inesse
365 1459 443 1524 vidit
465 1458 529 1523 iam
552 1459 746 1543 Madvigius,
778 1461 911 1525 annotat
939 1461 1037 1526 enim:
1075 1459 1294 1538 „scribendum
1318 1461 1381 1524 est:

155 1585 251 1648 quum
276 1565 349 1648 (hoc
373 1568 435 1631 est:
461 1585 557 1647 quum
581 1567 700 1652 tamen)
724 1587 779 1649 pro
803 1568 957 1651 quando“.

265 1690 403 1772 Quartus
431 1691 531 1770 locus,
562 1692 617 1756 ubi
645 1692 846 1758 hauddubie
875 1693 1038 1774 „quando“
1068 1693 1261 1758 adversative
1290 1713 1381 1758 usur-

42 1882 46 1889 ,
152 1799 263 1881 patum
279 1801 336 1876 est,
350 1799 480 1894 legitur
495 1798 582 1873 ΧΙΙΙ,
608 1802 660 1878 30,
687 1801 720 1863 2:
759 1799 881 1878 „Sicuti
897 1801 1023 1883 quidam
1041 1802 1151 1866 faciem
1167 1820 1234 1866 esse
1248 1802 1381 1865 hominis

151 1905 268 1987 putant
283 1925 317 1971 os
333 1907 461 1971 tantum
485 1909 517 1972 et
540 1907 644 1971 oculos
668 1915 699 1972 et
715 1927 822 1992 genas,
848 1909 928 1990 quod
946 1907 1059 1974 Graeci
1083 1914 1235 1994 πρόσωπον
1257 1909 1380 1988 vocant,

152 2014 276 2097 quando
305 2014 401 2079 facies
430 2016 473 2078 sit
496 2015 595 2080 ferma
624 2015 723 2078 omnis
747 2018 779 2080 et
806 2016 917 2080 modus
941 2018 972 2081 01
995 2016 1116 2081 1001110
1139 2017 1291 2098 quaedam
1315 2035 1382 2082 cor-

152 2121 235 2203 poris
251 2121 359 2198 totius‚
383 2140 401 2185 1
418 2121 556 2186 faciende
572 2122 685 2187 dicta“.
727 2122 789 2187 Hic
803 2123 887 2188 locus
903 2122 1098 2204 Madvigium
1115 2122 1233 2207 fugisse
1249 2123 1382 2189 videtur.

263 2264 321 2329 His
347 2264 422 2331 10010
446 2265 541 2329 etiam
565 2264 651 2343 XIX,
678 2267 713 2344 8,
739 2269 772 2345 6,
799 2284 857 2348 quo
881 2267 947 2331 1000
971 2266 1112 2330 (11111011
1135 2267 1252 2350 potest,
1276 2268 1382 2330 utrum

153 2371 286 2435 causalis
309 2390 350 2436 an
374 2372 571 2438 adversativa
588 2372 637 2439 vis
654 2373 685 2438 in
710 2375 877 2456 „quando“
903 2373 1058 2456 particula
1073 2374 1161 2452 insit,
1186 2373 1381 2439 adiciendum

153 2496 229 2555 esse,
253 2479 338 2543 infra
358 2480 584 2546 demonstrabo.

265 2604 367 2686 Hujus
396 2623 471 2670 usus
499 2605 559 2670 due
589 2607 803 2671 tantummodo
833 2607 973 2689 exempla
996 2605 1079 2689 apud
1109 2606 1186 2670 alios
1215 2606 1381 2689 scriptores

40 2798 46 2813 ἱ
153 2711 267 2787 inveni,
284 2730 415 2793 quorum
432 2731 529 2776 unum
545 2714 648 2778 exstat
665 2712 746 2794 apud
763 2712 924 2792 Plautum,
946 2714 1083 2779 alterum
1101 2713 1184 2795 apud
1201 2712 1380 2796 Apuleium.

153 2818 256 2883 Plaut.
278 2819 416 2883 Trinum.
439 2819 478 2896 V,
511 2821 546 2895 2,
571 2820 604 2882 8:
641 2821 677 2882 ut
699 2817 784 2884 lilius
808 2822 894 2896 tuos,
927 2823 1048 2902 quando
1079 2821 1127 2884 illi
1149 2839 1167 2884 a
1192 2840 1240 2885 me
1263 2821 1379 2898 darem,

153 2943 217 2990 esse
241 2925 384 2991 adlatum
409 2925 442 2991 id
465 2927 520 2991 abs
544 2928 576 2990 te
600 2927 748 2992 crederet.
773 2927 826 3008 (cf.
846 2927 975 2993 Scberer
997 2930 1017 2994 1.
1041 2950 1066 2995 c.
1090 2948 1118 3011 p.
1136 2929 1191 3011 35)
1216 2921 1258 2982 ='
1282 2928 1380 2993 demit

153 3031 221 3096 dein
239 3032 323 3098 Sobn
347 3034 486 3116 glaubte,
511 3033 576 3098 dies
600 3035 644 3098 sci
668 3053 725 3100 von
751 3035 799 3098 (111
824 3036 1080 3118 herzugebracbt,
1106 3036 1250 3101 vabrend
1273 3036 1323 3100 ich
1348 3055 1380 3100 es

153 3139 231 3205 doch
253 3139 356 3223 jonam
373 3159 433 3206 von
449 3141 585 3205 meinem
603 3142 776 3227 Vermbgen
793 3143 864 3227 gab.
905 3143 973 3209 Hac
989 3144 1215 3227 significatione
1232 3144 1380 3208 Plautum

152 3247 317 3330 „quande“
349 3249 536 3331 particulam
567 3250 767 3334 usurpavisse
791 3250 872 3316 haud
904 3251 952 3316 ita
984 3252 1100 3316 mirum
1131 3253 1194 3330 est,
1227 3251 1380 3333 siquidem

152 3356 289 3436 constat,
322 3356 417 3420 etiarn
446 3357 624 3439 ceteroquin
653 3359 736 3440 apud
760 3359 876 3441 priscos
901 3359 1066 3441 scriptores
1091 3359 1256 3442 „quando“
1281 3359 1379 3441 parti-

152 3463 253 3529 culam
286 3463 408 3529 easdem
437 3465 576 3532 notiones
604 3466 756 3546 induisse,
786 3487 863 3550 quas
888 3471 1023 3549 ‚,quom“
1048 3467 1158 3544 habet,
1190 3485 1378 3549 quamquam

151 3572 222 3652 post
238 3571 386 3635 Plautum
403 3572 480 3638 haec
496 3573 578 3638 ratio
599 3574 762 3656 ‚nuando“
779 3574 953 3657 particulae
969 3575 1162 3640 adversative
1186 3573 1378 3655 usurpandae

151 3695 276 3760 prorsus
312 3679 450 3745 evanuit.
507 3679 594 3759 Quod
630 3700 701 3747 vero
737 3682 855 3748 Gellius
889 3682 972 3747 hunc
1007 3701 1098 3747 usum
1133 3680 1308 3760 renovavit,
1344 3699 1379 3744 es

151 3786 265 3850 Plauto
288 3804 359 3850 enm
384 3786 523 3851 hausisse
547 3788 679 3866 videtur,
703 3789 736 3860 id
760 3791 837 3870 quod
863 3790 958 3854 etiam
989 3789 1026 3854 de
1053 3789 1183 3871 Apuleio
1214 3786 1376 3852 dicendum

151 3895 215 3970 est,
247 3893 327 3974 apud
359 3912 449 3974 quem
479 3895 644 3975 „quande
671 3895 830 3978 particula
853 3897 1053 3962 adversativa
1076 3896 1203 3959 notione
1226 3896 1378 3976 usurpata

151 3999 291 4065 hocloco
315 4000 488 4065 invenitur:
514 4002 551 4065 de
576 4003 691 4067 mundo
709 4004 764 4067 31:
796 4003 897 4081 „unde
920 4003 1000 4068 nibil
1023 4003 1137 4068 mirum
1161 4003 1219 4080 est,
1244 4002 1271 4065 si
1295 4019 1377 4066 mor-

150 4105 232 4170 tales
256 4106 337 4171 oculi
362 4108 429 4171 eius
454 4127 512 4173 nen
541 4109 669 4192 capiunt
698 4112 872 4192 aspectum,
903 4112 1026 4193 quando
1051 4110 1226 4175 divinorum
1251 4127 1377 4191 operum

150 4213 293 4297 vestigiis
317 4215 359 4280 sit
383 4216 569 4297 perspicuus
592 4221 686 4300 atque
710 4217 925 4284 manifestus“.

262 4361 291 4423 4.
328 4358 414 4439 Quod
430 4361 546 4425 attinet
562 4362 600 4425 ad
618 4361 722 4427 modos
740 4381 811 4428 cum
833 4362 999 4445 „quando“
1016 4362 1169 4447 particula
1185 4363 1377 4439 coniunctos,

150 4469 182 4531 et
205 4465 299 4549 prisci
324 4468 490 4551 scriptores
522 4473 553 4535 et
583 4488 692 4536 aureae
723 4471 754 4536 et
781 4471 948 4555 argenteae
978 4472 1148 4537 latinitatis
1176 4472 1319 4537 auctores
1345 4471 1378 4536 in

150 4574 290 4641 oratione
315 4577 399 4642 recta
424 4596 544 4661 semper
568 4578 771 4644 indicativum
796 4580 957 4663 usurpant,
981 4582 1012 4645 id
1036 4581 1117 4665 qued
1143 4580 1180 4646 de
1196 4577 1298 4646 Taciti
1320 4598 1378 4644 usu
