3068 4996
624 265 871 353 ,··22·-

262 474 348 540 Haec
378 493 451 540 vero
480 475 641 541 modorum
671 477 804 541 mutatio
836 495 898 541 non
932 495 969 540 ex
999 477 1206 559 negligentia,
1238 480 1379 560 quamvis

150 583 259 647 moltis
286 583 366 646 locis·
393 601 429 647 ca
452 583 564 648 merito
596 584 676 667 apud
710 582 847 649 Gellium
879 585 1053 674 statuatur,
1085 586 1153 649 orta
1183 586 1246 664 est,
1278 586 1333 650 sed
1363 605 1379 649 e

152 690 305 756 contrario
341 708 377 754 ex
413 689 574 771 diligentia
609 692 640 755 in
677 691 839 756 sententiis
874 693 944 774 apte
982 692 1199 757 connectendis
1231 693 1377 758 adhibita.

71 781 75 789 ⁹
150 797 233 863 Nam
249 799 281 862 et
294 797 481 863 indicativus
506 798 710 876 „videbatur“
737 802 768 863 et
785 799 998 865 coniunctiuus
1019 799 1231 877 „uindicatum
1247 801 1380 866 inisset‘

151 906 267 991 optimo
290 907 356 970 iure
387 907 480 989 positi
516 907 598 972 sunt.
644 907 705 970 Hic
735 907 817 970 enim
850 905 940 973 facile
972 907 1143 990 explicatur
1172 927 1210 972 ex
1241 908 1380 990 opinione

152 1033 268 1092 eorum,
294 1015 347 1096 qui
366 1016 554 1080 sententiam
570 1014 647 1079 ferre
671 1032 732 1079 non
749 1015 915 1090 audebant,
939 1015 1029 1078 illurn
1046 1013 1166 1080 Gellius
1182 1033 1239 1080 sno
1255 1016 1322 1079 inre
1345 1035 1382 1081 cx

152 1141 209 1187 sua
232 1123 332 1205 ipsius
356 1123 510 1187 sententia
533 1122 644 1205 posuit.
680 1121 763 1187 Nam
790 1123 848 1187 hoc
876 1122 1012 1201 „videri‘
1041 1122 1074 1187 in
1098 1123 1225 1206 ipsius
1248 1122 1381 1186 auctoris

152 1231 293 1313 opinione
316 1229 453 1313 positum
476 1230 619 1305 estnon
642 1231 675 1293 in
699 1248 806 1294 eorum
831 1212 996 1306 sententia,
1022 1231 1076 1311 qui
1099 1228 1287 1294 sententiam
1303 1228 1382 1294 serre

150 1356 213 1402 nou
254 1337 424 1416 audebant,
470 1338 585 1420 quippe
624 1356 757 1418 quorum
798 1339 830 1400 in
869 1337 1010 1420 opinione
1048 1337 1265 1402 tantummodo
1304 1336 1382 1401 illud

154 1444 426 1522 „admittendum“
458 1444 583 1526 („esse“
609 1444 815 1527 supplendum
839 1445 910 1526 est),
943 1463 1005 1508 non
1037 1446 1130 1509 etiam
1158 1445 1217 1510 hoc
1245 1444 1381 1523 „videri“

151 1553 302 1619 versetur.
348 1551 499 1616 Videmus
522 1552 617 1634 igitur
641 1551 778 1616 Gellium
800 1553 833 1615 in
850 1554 907 1617 hoc
926 1571 986 1616 usu
1001 1554 1051 1618 vel
1068 1553 1199 1636 optimos
1217 1553 1383 1636 scriptores

152 1660 239 1724 velut
263 1658 440 1724 Ciceronem
464 1662 496 1723 et
519 1658 682 1725 Caesarem
706 1660 867 1740 diligentia
891 1662 985 1741 atque
1008 1660 1202 1726 accuratione
1231 1678 1383 1743 superare,

154 1785 227 1830 nam
249 1767 283 1829 hi
304 1768 337 1831 in
361 1766 531 1831 enuntiatis
555 1786 591 1831 ex
615 1766 736 1848 „quod“
770 1768 928 1850 suspensis
952 1767 1068 1849 logicae
1090 1768 1213 1850 legibus
1233 1768 1383 1849 neglectis

152 1876 247 1939 verba
271 1873 467 1952 „sentiendi“
492 1875 547 1937 aut
577 1875 796 1953 „declarandi‘
827 1875 969 1957 (verbum
1003 1874 1139 1954 „rideri‘
1169 1875 1251 1940 enim
1277 1876 1384 1941 nestro

152 1982 219 2046 loco
236 1980 367 2046 eandem
382 1982 446 2046 uim
457 1982 554 2047 habet
566 2000 661 2063 quarn
672 1983 802 2046 verbum
818 1982 984 2067 sentiendi)
1001 1984 1123 2066 saepius
1139 1984 1171 2047 in
1188 1982 1385 2049 coniunctivc

152 2091 287 2172 ponunt,
320 2108 511 2171 quamquam
541 2109 604 2154 non
631 2090 710 2154 illud
736 2091 840 2173 ipsum
865 2091 1021 2169 „sentire“
1045 2093 1101 2154 aut
1126 2090 1326 2168 „declarare“
1351 2091 1384 2153 in

153 2197 283 2262 alterius
320 2197 476 2261 sententia
509 2197 646 2281 positum
680 2200 743 2275 est,
783 2197 837 2262 sed
873 2215 926 2276 ca,
967 2215 1046 2278 quae
1081 2196 1268 2275 sentiuntur,
1306 2216 1385 2280 quae

154 2305 359 2369 declarantur.

736 2557 807 2636 aa.

684 2695 852 2802 Quia.

264 2895 451 2960 Particulam
471 2898 584 2978 „quia“
602 2896 813 2962 accusativum
829 2893 950 2956 numeri
960 2891 1089 2975 pluralis
1104 2892 1245 2957 neutrius
1262 2893 1383 2974 generis

155 3004 345 3087 pronominis
374 3004 482 3085 ,‚quis“
507 3024 526 3069 a
548 3004 660 3083 Pottic,
686 3021 779 3086 quem
801 3004 928 3066 secutus
952 3002 1000 3064 est
1019 2999 1198 3064 Vandiceclx
1228 2998 1293 3083 (Gr.
1314 3001 1382 3066 Lat.

154 3112 249 3193 Etym
281 3109 520 3174 Warterbuchl
542 3130 612 3194 pag.
638 3112 693 3195 94)
727 3128 783 3173 suc
813 3109 878 3172 iure
900 3107 1054 3189 intellegi,
1089 3106 1243 3172 Ocrssenii
1273 3112 1383 3172 contra

155 3221 360 3294 sententiam,
394 3218 448 3299 qui
471 3218 586 3298 „quia“
611 3217 797 3303 particulam
823 3235 858 3279 ex
884 3216 975 3296 „qui“
1000 3217 1031 3279 et
1054 3214 1157 3292 ,‚iam“
1181 3215 1382 3298 compositam

155 3343 222 3389 esse
246 3325 351 3389 censet
373 3325 512 3408 (Ausspr.
538 3325 591 3391 des
616 3325 680 3389 Lat.
704 3344 733 3406 p.
759 3323 836 3408 586)
868 3321 1197 3406 improbandam'asse
1221 3320 1278 3385 viri
1302 3321 1383 3385 docti

154 3435 261 3496 nostra
284 3433 387 3496 aetate
410 3432 617 3497 consentiunt.

266 3589 354 3670 Quod
370 3593 483 3656 attinet
498 3591 536 3656 ad
553 3590 807 3673 significationem
823 3590 936 3672 „quia“
952 3588 1130 3673 particulae,
1146 3587 1381 3652 Traohmanuus

154 3701 176 3765 l.
193 3718 217 3765 c.
234 3719 264 3781 p.
283 3701 323 3762 28
349 3699 435 3776 dicit,
460 3699 629 3782 particulas
654 3699 775 3779 „quod“
800 3701 832 3762 ct
856 3698 969 3778 „quia“
993 3697 1026 3759 in
1050 3695 1227 3759 universum
1251 3693 1381 3759 eandem

153 3808 218 3870 rim
240 3805 362 3882 habere,
388 3807 442 3870 ssd
465 3807 523 3870 hoc
545 3807 648 3869 minus
673 3809 814 3870 accurate
839 3805 985 3888 disputat.
1031 3803 1114 3867 Nam
1129 3803 1311 3884 explicatius
1333 3803 1381 3867 uis

155 3913 277 3994 „quod“
303 3913 472 3995 particulae
495 3933 514 3978 a
537 3914 648 3994 .‚quia“
671 3913 823 3994 particula
847 3912 928 3994 apud
949 3929 1058 3974 aureae
1074 3909 1199 3992 quidem
1215 3909 1380 3974 latinitatis

154 4022 294 4084 auctores
318 4019 418 4084 aliena
442 4023 499 4097 cst,
523 4020 582 4084 etsi
605 4019 835 4084 concedendum
859 4022 907 4083 est
930 4022 961 4082 et
984 4018 1066 4100 apud
1088 4018 1202 4100 priscos
1218 4016 1381 4099 scriptores

154 4129 186 4192 et
204 4127 285 4210 apud
303 4129 466 4210 argenteae
481 4128 645 4192 latinitatis
662 4130 800 4191 auctores
823 4146 894 4192 ncu
918 4146 1056 4209 paucos
1080 4129 1180 4192 locos
1203 4123 1378 4200 inveniri,

155 4236 293 4318 quibus
329 4236 458 4318 „quia“
494 4236 687 4318 particula
721 4235 950 4319 explicatius
985 4238 1169 4317 usurpata
1204 4232 1252 4297 sit.
1312 4230 1380 4295 Hoc

153 4342 248 4426 igitur
278 4345 401 4408 tantum
434 4344 492 4408 dici
523 4345 638 4426 potest,
675 4343 790 4424 „quia“
814 4328 997 4427 particulam
1029 4341 1136 4406 eodem
1166 4339 1255 4404 mado
1286 4339 1379 4420 atque

153 4452 274 4532 „quod“
299 4452 337 4515 ad
359 4471 486 4516 causam
502 4450 687 4516 afferendam
704 4451 848 4518 adhiberi.
895 4450 977 4513 Nam
993 4468 1065 4514 cum
1079 4447 1250 4531 particulae
1266 4449 1378 4524 ,‚cum“

154 4561 186 4622 ct
210 4559 374 4640 „quando“
399 4559 531 4641 logicam
562 4577 689 4624 eausam
718 4558 882 4636 inducant,
918 4556 1041 4639 „quod“
1072 4559 1104 4621 ct
1127 4556 1238 4635 „quia“
1262 4555 1378 4618 realem
