3068 4996
265 954 330 1062 De
368 928 758 1056 couiuuotionum
797 952 1068 1056 causalium
1108 950 1238 1083 apud

584 1134 786 1235 Gellium
823 1161 928 1235 usu.
977 1124 979 1127 ’

252 1342 301 1406 Ad
332 1359 506 1406 sermonem
537 1340 715 1406 Gelliauum
745 1345 827 1406 reete
856 1339 1096 1405 existimandum
1129 1357 1209 1421 quae
1240 1356 1367 1404 normae

141 1448 331 1514 adhibendae
362 1450 442 1526 siut,
465 1451 600 1533 egregie
632 1450 774 1532 exposuit
803 1448 932 1514 Carolus
955 1447 1136 1513 Sittelius'
1127 1467 1158 1510 m
1184 1446 1279 1524 libro,
1317 1446 1368 1510 oui

140 1556 323 1639 inseriptum
358 1561 423 1622 est:
462 1556 538 1635 „Die
571 1557 694 1622 lokaleu
727 1556 1039 1621 Versohiedenheiten
1075 1556 1130 1620 der
1163 1554 1367 1620 lateinisehen

142 1661 276 1745 Spraohe
298 1664 357 1729 mit
343 1665 563 1730 tbesonderer
579 1664 879 1746 Beriuoksiohtigung
900 1663 954 1728 des
971 1663 1196 1728 atrikauisoheu
1211 1663 1297 1726 Lat'
1257 1666 1370 1726 111111“

140 1770 294 1854 lirlangae
328 1773 424 1839 lesa.
472 1772 706 1837 Demonstravit
734 1772 818 1836 euim
849 1789 1023 1836 sermonem
1050 1769 1245 1849 Gallianum,
1281 1770 1369 1835 ouius

141 1880 230 1960 quasi
260 1879 499 1946 fundamentum
539 1884 588 1945 est
615 1880 756 1946 latinitas
789 1881 921 1957 aetatis,
957 1881 1037 1961 quae
1072 1878 1186 1944 dieitur
1215 1880 1369 1960 argentea,

141 1988 249 2053 multis
277 1987 515 2072 proprietatibus
549 2007 585 2052 ex
616 1988 723 2070 lingua
747 1987 878 2062 Graeca,
913 2006 950 2051 eu
982 1986 1156 2069 priscorum
1187 1985 1369 2068 seriptorum

141 2095 380 2174 consuetudine,
412 2114 449 2160 ex
472 2097 592 2178 vulgari
615 2114 757 2160 sermone
779 2095 916 2172 haustis,
943 2095 1061 2176 aliquot
1085 2083 1178 2158 etiarn
1203 2093 1370 2173 extingue

141 2202 260 2267 Puuioa
282 2202 438 2286 repetitis,
470 2202 645 2268 infucatum
668 2222 743 2268 esse.
789 2203 857 2267 Hae
880 2183 918 2265 iu¹
944 2202 1125 2284 quaestione
1148 2202 1370 2283 oiroumspeeto

141 2309 253 2375 iudicio
276 2310 430 2374 utendum
461 2312 508 2375 est
538 2330 609 2375 oum
632 2311 777 2375 omnibus
800 2311 832 2374 in
856 2311 963 2387 rebus,
999 2313 1069 2374 tum
1098 2309 1235 2375 maxime
1262 2308 1294 2372 in
1326 2309 1370 2372 eis

142 2417 263 2482 dioendi
296 2414 468 2483 rationibus
502 2417 689 2498 tractandis,
736 2436 814 2499 quas
848 2437 885 2482 111
919 2418 1039 2500 vulgari
1075 2435 1215 2481 sermone
1251 2415 1370 2480 Gellius

141 2526 304 2588 mutuatus
337 2543 404 2589 esse
435 2523 527 2606 vulgo
556 2524 758 2589 existimatur.
805 2523 888 2589 Nam
920 2525 982 2589 fere
1013 2543 1119 2590 omnes
1143 2523 1278 2588 Gallieni
1309 2541 1373 2588 ser-

141 2633 240 2696 monis
264 2632 483 2716 proprietates,
518 2649 598 2714 quae
627 2631 720 2713 vulgo
742 2632 880 2713 vulgaris
907 2632 1057 2696 sermonis
1081 2631 1250 2696 imitationi
1272 2631 1371 2694 tribu·
1408 2702 1411 2721 ι

139 2745 248 2819 untur,
290 2741 387 2804 etiam
420 2739 504 2823 apud
539 2739 654 2823 priseos
691 2738 857 2822 seriptores
894 2738 1106 2804 inveniuntur.
1163 2738 1230 2802 Has
1266 2728 1371 2802 autem
1407 2725 1411 2730 ’

138 2848 326 2914 elooutiones
349 2866 412 2912 nou
439 2865 477 2912 111
499 2846 619 2929 vulgari
646 2864 804 2926 sermone,
840 2847 896 2910 sed
923 2866 960 2912 11
990 2847 1159 2930 prisoorum
1186 2846 1371 2930 seriptoruni

138 2974 200 3019 usu
223 2953 361 3021 Gellium
384 2953 526 3020 hausisse
549 2973 586 3020 ex
609 2955 667 3020 hao
689 2955 758 3038 ipsa
778 2973 812 3020 11
834 2954 946 3032 1111111,
971 2953 1054 3038 quod
1069 2952 1190 3020 Gellius
1214 2953 1371 3018 nonnullis

140 3063 237 3145 operis
272 3062 321 3127 sui
354 3062 442 3140 loeis,
478 3065 669 3146 quantopere
703 3080 877 3127 sermonem
910 3062 1072 3144 vulgarem
1100 3061 1249 3146 despioiut
1278 3062 1371 3140 atque

139 3172 281 3253 respuat,
322 3170 400 3234 satis
439 3173 544 3252 aperte
578 3168 724 3236 deelarat.
786 3168 875 3248 Quod
913 3188 983 3235 vero
1017 3169 1219 3233 nihilominus
1254 3167 1373 3250 aliquot

141 3276 262 3340 dicendi
284 3277 420 3341 rationes
443 3278 579 3354 restant,
615 3296 695 3359 quae
718 3277 780 3342 nisi
803 3295 840 3341 11
861 3276 999 3359 vulgaris
1023 3276 1174 3340 sermonis
1196 3274 1370 3358 imitatione

141 3383 284 3466 explieari
306 3402 368 3447 nou
390 3402 480 3467 posse
503 3383 682 3462 videantur,
716 3385 774 3447 1111
798 3403 859 3448 uon
883 3383 1023 3448 oonsulto
1054 3385 1085 3447 11
1116 3381 1153 3447 de
1175 3381 1373 3446 industriae

142 3489 242 3554 Gellio
266 3493 444 3573 usurpatas,
468 3489 524 3555 sed
546 3490 575 3554 ei
598 3489 696 3554 inrito
719 3496 814 3572 atque
838 3489 934 3555 insoio
958 3489 1078 3574 elapsas
1102 3508 1169 3554 esse
1193 3507 1315 3567 eeuseo,
1339 3489 1372 3553 id

142 3597 224 3680 quod
254 3598 348 3662 etiarn
378 3597 415 3661 de
439 3597 570 3681 Apuleio
600 3597 766 3661 dioendum
798 3598 847 3662 est
876 3598 983 3661 eontra
1005 3597 1216 3678 Pieohottam,
1253 3597 1306 3679 qui
1340 3598 1372 3661 iu

142 3703 372 3782 dissertatione,
407 3705 457 3769 oui
491 3704 676 3798 iusoriptum
709 3708 772 3769 est:
809 3704 930 3784 „Curae
962 3705 1170 3789 Apuleiauee“
1204 3703 1371 3791 Apuleium

141 3813 312 3896 permultas
336 3811 525 3879 elooutiones
558 3812 595 3878 de
624 3812 780 3878 industria
810 3832 847 3877 ex
878 3813 998 3895 vulgari
1028 3831 1168 3878 sermone
1191 3815 1372 3878 mutuatum

142 3936 207 3983 esse
232 3919 442 3985 demonstrare
465 3922 595 3985 conatus
618 3921 672 3985 est.

253 4061 363 4126 Paullo
385 4065 542 4147 postt
479 4061 542 4129 siu
543 4063 638 4128 1111111
670 4063 708 4128 de
737 4081 878 4129 sermone
909 4061 1051 4129 Gelliauo
1083 4064 1204 4147 egregie
1228 4062 1373 4127 disseruit

142 4166 351 4249 Gorgesius
342 4188 375 4231 111
410 4169 637 4244 dissertatione,
672 4187 751 4252 quae
785 4169 936 4252 inseripta
971 4173 1034 4234 est:
1081 4169 1148 4247 „De
1182 4169 1370 4252 quibusdam

141 4277 292 4340 sermonis
317 4272 452 4339 Gallieni
475 4276 644 4359 proprietat
610 4275 732 4340 atibus*
756 4276 829 4340 Hal.
856 4277 957 4351 leem
992 4276 1047 4340 sed
1068 4277 1128 4341 hoe
1150 4276 1271 4353 libello,
1300 4295 1372 4341 eum

143 4378 206 4444 1111
240 4383 308 4447 1111
342 4383 481 4464 syntaxis
514 4384 679 4460 uastatur,
713 4401 780 4456 rem
813 4401 875 4448 non
910 4382 1028 4455 ahsolvi
1059 4402 1120 4447 non
1161 4384 1275 4447 mirum
1312 4383 1370 4449 111.

143 4483 230 4565 Quae
253 4505 323 4573 eum
345 4487 391 4554 ita
414 4490 486 4568 sint,
510 4507 619 4573 operae
641 4488 777 4573 pretium
800 4507 868 4554 esse
891 4489 1064 4555 existimavi
1087 4493 1208 4574 partem
1232 4489 1372 4571 aliquam
