3068 4996
646 267 857 330 ..28-

138 479 219 543 bello
249 479 387 543 Rhodios
419 479 556 556 vincere,
590 478 707 541 bellum
740 495 812 542 oum
842 477 1014 560 Protogene
1045 482 1169 545 mortuo
1200 470 1364 562 gessisse“.

139 585 282 650 Alterum
297 587 482 669 exemplum,
507 585 588 667 quod
604 585 761 650 invenitur
777 585 845 664 XV,
865 587 896 662 4,
914 587 944 666 3,
962 588 1043 651 hanc
1058 586 1096 650 ob
1111 605 1177 652 rem
1192 590 1367 653 memoratu

140 692 269 774 dignum
292 696 355 770 est,
388 693 468 774 quod
494 691 612 758 Gellius
635 693 701 774 ipse
724 693 927 776 temporalem
950 693 1120 777 particulae
1143 694 1204 758 rim
1229 695 1367 760 indicare

140 799 276 876 videtur,
301 819 373 864 cum
397 801 512 882 „quiae
538 800 730 866 collocaverit
751 801 823 883 post
845 800 1027 865 adverbium
1049 801 1219 884 temporale
1243 806 1367 880 „tum“.

251 960 281 1025 9.
315 960 428 1024 Restat
449 964 486 1025 ut
514 979 610 1025 unam
639 960 791 1027 rationem
823 962 938 1043 „quim
971 962 1140 1044 particulae
1170 965 1367 1047 usurpandae

142 1084 426 1146 commemoremus,
450 1087 545 1151 quarn
568 1068 652 1152 apud
676 1069 772 1133 alium
796 1069 976 1152 scriptorem
998 1069 1122 1133 nullum
1144 1070 1258 1147 inveni,
1282 1071 1369 1154 ellip-

141 1174 238 1238 ticum
254 1175 321 1240 dico
336 1195 440 1256 usum,
464 1177 519 1259 qui
532 1195 572 1241 ne
588 1176 671 1259 apud
688 1177 837 1241 Plautum
854 1176 980 1258 quidem
995 1177 1160 1254 invenitur,
1177 1195 1369 1259 quamquam

142 1282 192 1346 hio
215 1282 326 1347 ceteris
349 1283 381 1348 in
404 1283 498 1350 rebus
522 1284 666 1349 omnibus
696 1287 810 1366 „quia‘
840 1282 993 1367 particula
1020 1283 1127 1349 eodem
1156 1285 1244 1349 modo
1269 1280 1331 1350 utit

142 1393 236 1472 atque
260 1390 385 1472 „quod‘
410 1392 571 1474 particula.
610 1391 710 1456 Locus
734 1391 849 1473 legitur
865 1389 919 1468 VI,
943 1392 997 1471 17,
1022 1393 1058 1456 4:
1093 1391 1272 1469 „sedenim
1296 1390 1370 1473 quia

142 1498 204 1563 dixi
227 1516 317 1581 saepe
341 1497 525 1577 „obnoxius“
549 1500 581 1563 et
605 1499 678 1580 quid
702 1498 834 1564 dicerem
856 1499 982 1581 nescivi,
1007 1499 1100 1564 didici
1124 1518 1160 1563 ex
1182 1501 1213 1562 te
1237 1501 1269 1563 et
1292 1501 1369 1565 seire

34 1688 37 1696 Ι
142 1625 225 1670 nuno
258 1607 358 1688 coepi,
395 1606 476 1689 quod
509 1625 571 1670 non
606 1625 661 1688 ego
697 1607 836 1671 omnium
871 1606 970 1683 solus,
1005 1607 1041 1669 ut
1077 1606 1135 1671 tibi
1169 1625 1239 1671 eum
1273 1606 1369 1686 visus,

142 1714 289 1806 ignorari,
314 1712 368 1778 sed
391 1712 524 1778 Plautus
548 1731 693 1796 quoque.
715 1766 720 1779 .
742 1713 900 1784 nescivit“.
1031 1796 1035 1804 ι

257 1983 294 2062 ΙΙ.
337 1983 387 2062 [ie
416 1981 535 2062 modis
563 1999 644 2062 cum
674 1982 802 2080 „quia‘
831 1981 1015 2082 particula
1044 1980 1261 2085 coniunctis.

255 2160 355 2226 Usum
378 2160 539 2226 modorum
564 2160 681 2243 „quia“
705 2160 876 2244 particulae
892 2159 1127 2225 subiunctorum
1143 2159 1250 2243 paucis
1267 2158 1370 2225 absol-

144 2286 214 2332 vere
238 2286 381 2350 possum,
416 2286 487 2333 oum
511 2266 633 2332 Gellius
656 2269 688 2332 in
711 2260 811 2332 modis
843 2269 913 2351 post
937 2266 1053 2349 „quia“
1076 2267 1225 2350 ponendis
1249 2266 1371 2333 easdem

144 2375 279 2439 rationes
303 2378 428 2440 secutus
452 2375 502 2454 sit,
528 2392 605 2459 quae
628 2376 698 2458 post
721 2374 849 2456 „quod“
873 2372 1069 2457 particulam.

612 2605 640 2672 1.
670 2601 899 2672 Indioativus.

257 2751 303 2816 Ut
326 2752 398 2832 post
422 2752 554 2833 „quod“‚
590 2752 636 2816 ita
663 2752 759 2818 etiam
793 2753 865 2835 post
895 2750 1011 2834 „quia“
1042 2750 1126 2815 haud
1157 2749 1204 2814 ita
1237 2768 1308 2815 raro
1342 2749 1397 2828 in

147 2857 273 2940 obliqua
308 2857 446 2923 oratione
483 2857 691 2925 indicativum
725 2859 867 2945 legimus.
923 2857 1073 2940 Exempla
1106 2858 1180 2923 eunt
1216 2855 1240 2936 1,
1273 2857 1305 2936 4,
1337 2857 1373 2933 73

148 2963 231 3044 XIV,
248 2967 278 3043 2,
300 2968 350 3032 19.
398 2965 456 3030 His
488 2965 565 3032 locis
595 2985 665 3030 oum
696 2966 901 3032 indicativum
933 2966 1035 3049 ponit,
1072 2964 1192 3031 Gellius
1217 2963 1375 3029 ostendere

147 3072 284 3150 videtur,
319 3092 384 3155 res,
426 3091 504 3156 quae
540 3073 713 3139 enuntiatis
748 3073 927 3139 causalibus
962 3073 1179 3151 continentur,
1221 3089 1310 3136 veras
1343 3071 1375 3134 et

148 3179 291 3244 omnibus
313 3179 389 3244 satie
406 3180 548 3263 cognitas
571 3199 646 3246 esse.
693 3180 794 3247 Semel
811 3180 895 3245 verbi
912 3184 1017 3260 „esse“
1042 3179 1140 3244 forma
1163 3179 1195 3242 in
1212 3177 1374 3243 enuntiato

149 3305 184 3351 ex
208 3285 325 3368 „quia“
349 3305 497 3369 suspenso
520 3287 693 3370 supplenda
717 3291 778 3353 est:
802 3287 888 3366 XVI,
906 3288 936 3367 8,
953 3289 988 3351 2:
1012 3287 1115 3368 „Tum
1132 3285 1206 3369 quia
1229 3286 1260 3350 in
1276 3285 1374 3368 primo

122 3424 127 3433 ·
148 3397 209 3480 περὶ
224 3390 391 3480 ἀξιωμάτων
407 3394 599 3478 discendum,
625 3414 703 3477 quae
718 3395 761 3460 M.
778 3395 874 3460 Varro
894 3431 930 3441 -
949 3394 1098 3477 appellat,
1116 3392 1375 3460 commentarium

148 3501 185 3566 de
208 3501 378 3585 proloquiis
394 3502 428 3567 L.
444 3502 528 3567 Aelii
543 3503 783 3585 quaesivimus‚“
807 3521 866 3584 quo
884 3502 950 3567 loco
967 3502 1095 3566 verbum
1113 3504 1218 3579 „erat“
1238 3502 1375 3585 praeter·
1459 3541 1461 3546 -

149 3608 278 3674 missum
302 3611 356 3675 est.

603 3769 632 3835 2.
666 3765 927 3836 Coniunctivus.

261 3913 484 3980 Coniunctiuus
519 3915 574 3978 aut
608 3913 641 3976 iu
679 3913 815 3978 oratione
851 3912 975 3995 obliqua
1009 3913 1128 3995 positus
1167 3913 1216 3976 est
1251 3913 1306 3976 aut
1339 3929 1375 3974 ex

151 4021 293 4106 opinione
316 4039 432 4097 eorum,
464 4021 501 4086 de
525 4020 640 4102 quibus
664 4019 790 4097 dicitur,
821 4019 1018 4102 explicandus
1041 4021 1097 4084 est.
1144 4019 1210 4084 Hoc
1233 4017 1319 4083 cadit
1342 4017 1374 4080 in

150 4130 190 4210 Il,
209 4131 260 4208 21,
278 4130 312 4194 9:
350 4128 482 4210 „ltaque
506 4128 563 4193 hoc
587 4127 684 4205 sidus,
717 4127 800 4209 quod
823 4144 842 4191 a
864 4126 965 4209 figura
989 4126 1188 4208 posituraque
1212 4126 1281 4207 ipsa
1303 4125 1376 4207 quia

150 4236 251 4302 simile
274 4236 410 4318 plaustri
434 4236 584 4314 uideatur,
608 4232 731 4317 antiqui
752 4233 940 4300 Graecorum
963 4231 1075 4321 ἅμαξαν
1098 4233 1251 4312 dixerunt,
1275 4232 1375 4298 nostri

150 4362 270 4429 quoque
290 4345 408 4410 veteres
423 4363 441 4408 a
458 4342 557 4408 bubus
580 4342 699 4409 iunctis
722 4341 985 4425 „septentriones“
1010 4339 1234 4424 appellarunt.“
1274 4338 1374 4405 (lodex

151 4453 187 4517 P.
215 4451 343 4533 praebet
366 4450 565 4532 „videatur“,
600 4448 713 4532 reliqui
737 4449 914 4530 „vinctura
950 4465 1043 4530 quam
1073 4446 1238 4512 lectionem
1266 4446 1375 4530 culpae

150 4558 348 4625 librariorum
365 4557 564 4624 tribuendam
582 4577 647 4623 esse
662 4576 782 4634 conseo,
808 4557 871 4641 qui,
896 4575 967 4621 cum
991 4552 1187 4619 enuntiatum
1205 4573 1240 4618 ex
1257 4554 1373 4636 “quia“
