<?xml version="1.0" encoding="UTF-8"?>
<!DOCTYPE html PUBLIC "-//W3C//DTD XHTML 1.0 Transitional//EN"
    "http://www.w3.org/TR/xhtml1/DTD/xhtml1-transitional.dtd">
<html xmlns="http://www.w3.org/1999/xhtml" xml:lang="en" lang="en">
 <head>
  <title>
</title>
<meta http-equiv="Content-Type" content="text/html;charset=utf-8" />
  <meta name='ocr-system' content='tesseract 3.04.00' />
  <meta name='ocr-capabilities' content='ocr_page ocr_carea ocr_par ocr_line ocrx_word'/>
</head>
<body>
  <div class='ocr_page' id='page_1' title='image "./deconiunctionum00neubgoog_0020.png"; bbox 0 0 3068 4996; ppageno 0'>
   <div class='ocr_carea' id='block_1_1' title="bbox 525 203 869 331">
    <p class='ocr_par' dir='ltr' id='par_1_1' title="bbox 525 203 869 331">
     <span class='ocr_line' id='line_1_1' title="bbox 525 203 869 331; baseline 0.006 -2"><span class='ocrx_word' id='word_1_1' title='bbox 525 203 528 208; x_wconf 32' lang='lat'>⁵</span> <span class='ocrx_word' id='word_1_2' title='bbox 658 257 869 331; x_wconf 80' lang='lat' dir='ltr'><strong>..ra-</strong></span> 
     </span>
    </p>
   </div>
   <div class='ocr_carea' id='block_1_2' title="bbox 149 440 1378 783">
    <p class='ocr_par' dir='ltr' id='par_1_2' title="bbox 149 440 1378 783">
     <span class='ocr_line' id='line_1_2' title="bbox 149 440 1377 568; baseline 0.006 -23"><span class='ocrx_word' id='word_1_3' title='bbox 149 474 315 545; x_wconf 87' lang='lat' dir='ltr'><strong>dilncidam</strong></span> <span class='ocrx_word' id='word_1_4' title='bbox 335 440 490 543; x_wconf 86' lang='lat' dir='ltr'><strong>redderet.</strong></span> <span class='ocrx_word' id='word_1_5' title='bbox 537 476 607 542; x_wconf 92' lang='lat' dir='ltr'><strong>Hoc</strong></span> <span class='ocrx_word' id='word_1_6' title='bbox 628 478 762 544; x_wconf 83' lang='grc'>11111111</span> <span class='ocrx_word' id='word_1_7' title='bbox 784 480 986 564; x_wconf 89' lang='lat' dir='ltr'><strong>perspicuum</strong></span> <span class='ocrx_word' id='word_1_8' title='bbox 1009 481 1079 560; x_wconf 90' lang='lat' dir='ltr'><strong>orit,</strong></span> <span class='ocrx_word' id='word_1_9' title='bbox 1103 482 1129 547; x_wconf 90' lang='lat' dir='ltr'><strong>si</strong></span> <span class='ocrx_word' id='word_1_10' title='bbox 1153 488 1377 568; x_wconf 87' lang='lat' dir='ltr'><strong>comparaveris</strong></span> 
     </span>
     <span class='ocr_line' id='line_1_3' title="bbox 149 584 1377 691; baseline 0.005 -40"><span class='ocrx_word' id='word_1_11' title='bbox 149 585 217 662; x_wconf 88' lang='lat' dir='ltr'><strong>XV,</strong></span> <span class='ocrx_word' id='word_1_12' title='bbox 236 586 259 691; x_wconf 23' lang='lat'><strong>¹7</strong></span> <span class='ocrx_word' id='word_1_13' title='bbox 278 584 392 650; x_wconf 86' lang='lat' dir='ltr'><strong>lemma</strong></span> <span class='ocrx_word' id='word_1_14' title='bbox 408 603 480 650; x_wconf 93' lang='lat' dir='ltr'><strong>cum</strong></span> <span class='ocrx_word' id='word_1_15' title='bbox 496 585 566 664; x_wconf 81' lang='lat' dir='ltr'><strong>XV,</strong></span> <span class='ocrx_word' id='word_1_16' title='bbox 591 585 621 667; x_wconf 87' lang='lat'><strong>7,</strong></span> <span class='ocrx_word' id='word_1_17' title='bbox 647 588 675 652; x_wconf 88' lang='lat'><strong>1.</strong></span> <span class='ocrx_word' id='word_1_18' title='bbox 714 585 752 650; x_wconf 88' lang='lat' dir='ltr'><strong>In</strong></span> <span class='ocrx_word' id='word_1_19' title='bbox 768 588 915 653; x_wconf 85' lang='lat' dir='ltr'><strong>lemmate</strong></span> <span class='ocrx_word' id='word_1_20' title='bbox 932 586 1052 655; x_wconf 80' lang='lat' dir='ltr'>Gellius</span> <span class='ocrx_word' id='word_1_21' title='bbox 1067 589 1231 674; x_wconf 69' lang='lat' dir='ltr'><strong>usurpant</strong></span> <span class='ocrx_word' id='word_1_22' title='bbox 1254 594 1377 676; x_wconf 77' lang='lat' dir='ltr'><strong>„quod‘</strong></span> 
     </span>
     <span class='ocr_line' id='line_1_4' title="bbox 149 692 1378 783; baseline 0.009 -27"><span class='ocrx_word' id='word_1_23' title='bbox 149 692 344 777; x_wconf 88' lang='lat' dir='ltr'><strong>particulam,</strong></span> <span class='ocrx_word' id='word_1_24' title='bbox 359 710 433 756; x_wconf 91' lang='lat' dir='ltr'><strong>nam</strong></span> <span class='ocrx_word' id='word_1_25' title='bbox 449 693 578 758; x_wconf 87' lang='lat' dir='ltr'><strong>verbum</strong></span> <span class='ocrx_word' id='word_1_26' title='bbox 595 694 749 759; x_wconf 88' lang='lat' dir='ltr'><strong>sentiendi</strong></span> <span class='ocrx_word' id='word_1_27' title='bbox 764 692 952 783; x_wconf 82' lang='lat' dir='ltr'><strong>(obseruare)</strong></span> <span class='ocrx_word' id='word_1_28' title='bbox 964 695 1101 780; x_wconf 88' lang='lat' dir='ltr'><strong>positum</strong></span> <span class='ocrx_word' id='word_1_29' title='bbox 1114 700 1205 763; x_wconf 91' lang='lat' dir='ltr'><strong>estin</strong></span> <span class='ocrx_word' id='word_1_30' title='bbox 1216 699 1378 781; x_wconf 89' lang='lat' dir='ltr'><strong>infinitivo,</strong></span> 
     </span>
    </p>
   </div>
   <div class='ocr_carea' id='block_1_3' title="bbox 148 799 1379 972">
    <p class='ocr_par' dir='ltr' id='par_1_3' title="bbox 148 799 1379 972">
     <span class='ocr_line' id='line_1_5' title="bbox 148 799 1379 883; baseline 0.008 -20"><span class='ocrx_word' id='word_1_31' title='bbox 148 801 181 864; x_wconf 89' lang='lat' dir='ltr'><strong>in</strong></span> <span class='ocrx_word' id='word_1_32' title='bbox 203 799 396 883; x_wconf 77' lang='lat' dir='ltr'><strong>paragrapho</strong></span> <span class='ocrx_word' id='word_1_33' title='bbox 422 804 438 862; x_wconf 91' lang='lat'>1</span> <span class='ocrx_word' id='word_1_34' title='bbox 463 799 652 866; x_wconf 82' lang='lat' dir='ltr'><strong>infinitivum</strong></span> <span class='ocrx_word' id='word_1_35' title='bbox 675 819 747 866; x_wconf 91' lang='lat' dir='ltr'><strong>cum</strong></span> <span class='ocrx_word' id='word_1_36' title='bbox 771 802 955 882; x_wconf 86' lang='lat' dir='ltr'><strong>accusativo,</strong></span> <span class='ocrx_word' id='word_1_37' title='bbox 978 822 1052 869; x_wconf 87' lang='lat' dir='ltr'><strong>nam</strong></span> <span class='ocrx_word' id='word_1_38' title='bbox 1075 806 1201 872; x_wconf 87' lang='lat' dir='ltr'><strong>verbum</strong></span> <span class='ocrx_word' id='word_1_39' title='bbox 1225 807 1379 873; x_wconf 88' lang='lat' dir='ltr'><strong>sentiendi</strong></span> 
     </span>
     <span class='ocr_line' id='line_1_6' title="bbox 148 906 463 972; baseline 0.006 -1"><span class='ocrx_word' id='word_1_40' title='bbox 148 906 270 972; x_wconf 82' lang='lat' dir='ltr'><strong>linitum</strong></span> <span class='ocrx_word' id='word_1_41' title='bbox 295 907 350 972; x_wconf 87' lang='lat' dir='ltr'><strong>est</strong></span> <span class='ocrx_word' id='word_1_42' title='bbox 461 924 463 928; x_wconf 74' lang='grc'>’</span> 
     </span>
    </p>
   </div>
   <div class='ocr_carea' id='block_1_4' title="bbox 135 1019 1379 1215">
    <p class='ocr_par' dir='ltr' id='par_1_4' title="bbox 135 1019 1379 1215">
     <span class='ocr_line' id='line_1_7' title="bbox 135 1019 1379 1111; baseline 0.006 -22"><span class='ocrx_word' id='word_1_43' title='bbox 135 1071 136 1074; x_wconf 63' lang='lat'><strong>,</strong></span> <span class='ocrx_word' id='word_1_44' title='bbox 261 1023 337 1090; x_wconf 88' lang='lat' dir='ltr'><strong>Octo</strong></span> <span class='ocrx_word' id='word_1_45' title='bbox 367 1024 442 1089; x_wconf 90' lang='lat' dir='ltr'><strong>locis</strong></span> <span class='ocrx_word' id='word_1_46' title='bbox 470 1023 625 1090; x_wconf 82' lang='lat' dir='ltr'><strong>invenitur</strong></span> <span class='ocrx_word' id='word_1_47' title='bbox 653 1026 685 1089; x_wconf 94' lang='lat' dir='ltr'><strong>in</strong></span> <span class='ocrx_word' id='word_1_48' title='bbox 715 1025 875 1092; x_wconf 88' lang='lat' dir='ltr'><strong>enuntiato</strong></span> <span class='ocrx_word' id='word_1_49' title='bbox 902 1027 1046 1111; x_wconf 92' lang='lat' dir='ltr'><strong>primario</strong></span> <span class='ocrx_word' id='word_1_50' title='bbox 1075 1030 1309 1110; x_wconf 78' lang='lat' dir='ltr'><strong>comelatirum,</strong></span> <span class='ocrx_word' id='word_1_51' title='bbox 1339 1019 1379 1096; x_wconf 84' lang='lat' dir='ltr'><strong>ad</strong></span> 
     </span>
     <span class='ocr_line' id='line_1_8' title="bbox 149 1130 711 1215; baseline 0.005 -20"><span class='ocrx_word' id='word_1_52' title='bbox 149 1130 232 1215; x_wconf 92' lang='lat' dir='ltr'><strong>quod</strong></span> <span class='ocrx_word' id='word_1_53' title='bbox 254 1130 408 1214; x_wconf 88' lang='lat' dir='ltr'><strong>particula</strong></span> <span class='ocrx_word' id='word_1_54' title='bbox 432 1132 557 1214; x_wconf 79' lang='lat' dir='ltr'><strong>„quod‘</strong></span> <span class='ocrx_word' id='word_1_55' title='bbox 582 1135 711 1215; x_wconf 85' lang='lat' dir='ltr'><strong>spectat</strong></span> 
     </span>
    </p>
   </div>
   <div class='ocr_carea' id='block_1_5' title="bbox 148 1247 1461 1767">
    <p class='ocr_par' dir='ltr' id='par_1_5' title="bbox 148 1247 1461 1767">
     <span class='ocr_line' id='line_1_9' title="bbox 260 1247 1379 1338; baseline 0.007 -27"><span class='ocrx_word' id='word_1_56' title='bbox 260 1247 389 1323; x_wconf 90' lang='lat' dir='ltr'><strong>Duobus</strong></span> <span class='ocrx_word' id='word_1_57' title='bbox 412 1247 487 1312; x_wconf 90' lang='lat' dir='ltr'><strong>locis</strong></span> <span class='ocrx_word' id='word_1_58' title='bbox 511 1247 613 1332; x_wconf 80' lang='lat' dir='ltr'>(XIV,</span> <span class='ocrx_word' id='word_1_59' title='bbox 639 1250 675 1328; x_wconf 83' lang='lat'><strong>6,</strong></span> <span class='ocrx_word' id='word_1_60' title='bbox 700 1249 920 1330; x_wconf 75' lang='grc'>41111111,</span> <span class='ocrx_word' id='word_1_61' title='bbox 947 1251 1004 1330; x_wconf 88' lang='lat'><strong>10,</strong></span> <span class='ocrx_word' id='word_1_62' title='bbox 1030 1251 1089 1338; x_wconf 89' lang='grc'><strong>51)</strong></span> <span class='ocrx_word' id='word_1_63' title='bbox 1120 1253 1318 1319; x_wconf 89' lang='lat' dir='ltr'><strong>enuntiatum</strong></span> <span class='ocrx_word' id='word_1_64' title='bbox 1342 1274 1379 1320; x_wconf 87' lang='lat' dir='ltr'><strong>ex</strong></span> 
     </span>
     <span class='ocr_line' id='line_1_10' title="bbox 149 1356 1378 1447; baseline 0.007 -27"><span class='ocrx_word' id='word_1_65' title='bbox 149 1356 268 1439; x_wconf 70' lang='grc' dir='ltr'><strong>,1111ιι</strong></span> <span class='ocrx_word' id='word_1_66' title='bbox 304 1373 492 1438; x_wconf 89' lang='lat' dir='ltr'><strong>suspensum</strong></span> <span class='ocrx_word' id='word_1_67' title='bbox 526 1356 742 1422; x_wconf 87' lang='lat' dir='ltr'><strong>coordinatum</strong></span> <span class='ocrx_word' id='word_1_68' title='bbox 776 1360 931 1423; x_wconf 86' lang='grc'>1111111</span> <span class='ocrx_word' id='word_1_69' title='bbox 965 1359 1127 1447; x_wconf 86' lang='lat' dir='ltr'><strong>enuntiato</strong></span> <span class='ocrx_word' id='word_1_70' title='bbox 1159 1361 1378 1446; x_wconf 85' lang='lat' dir='ltr'><strong>interrogativo</strong></span> 
     </span>
     <span class='ocr_line' id='line_1_11' title="bbox 148 1463 1379 1552; baseline 0.007 -25"><span class='ocrx_word' id='word_1_71' title='bbox 148 1463 304 1531; x_wconf 87' lang='lat' dir='ltr'><strong>indirecto.</strong></span> <span class='ocrx_word' id='word_1_72' title='bbox 351 1463 481 1528; x_wconf 86' lang='lat' dir='ltr'><strong>Duobus</strong></span> <span class='ocrx_word' id='word_1_73' title='bbox 510 1463 585 1530; x_wconf 88' lang='lat' dir='ltr'><strong>locis</strong></span> <span class='ocrx_word' id='word_1_74' title='bbox 615 1463 688 1548; x_wconf 89' lang='lat' dir='ltr'><strong>(IX,</strong></span> <span class='ocrx_word' id='word_1_75' title='bbox 712 1465 748 1543; x_wconf 87' lang='grc'><strong>9,</strong></span> <span class='ocrx_word' id='word_1_76' title='bbox 776 1467 831 1541; x_wconf 89' lang='grc'><strong>14;</strong></span> <span class='ocrx_word' id='word_1_77' title='bbox 862 1464 952 1547; x_wconf 90' lang='lat' dir='ltr'><strong>XlX,</strong></span> <span class='ocrx_word' id='word_1_78' title='bbox 979 1467 1036 1544; x_wconf 89' lang='grc'><strong>12,</strong></span> <span class='ocrx_word' id='word_1_79' title='bbox 1062 1468 1095 1552; x_wconf 88' lang='grc'><strong>3)</strong></span> <span class='ocrx_word' id='word_1_80' title='bbox 1123 1468 1156 1533; x_wconf 89' lang='grc'><strong>11</strong></span> <span class='ocrx_word' id='word_1_81' title='bbox 1183 1470 1290 1536; x_wconf 89' lang='lat' dir='ltr'><strong>eodem</strong></span> <span class='ocrx_word' id='word_1_82' title='bbox 1311 1489 1379 1536; x_wconf 84' lang='lat' dir='ltr'><strong>rer·</strong></span> 
     </span>
     <span class='ocr_line' id='line_1_12' title="bbox 149 1571 1379 1657; baseline 0.005 -19"><span class='ocrx_word' id='word_1_83' title='bbox 149 1573 259 1639; x_wconf 91' lang='lat' dir='ltr'><strong>borum</strong></span> <span class='ocrx_word' id='word_1_84' title='bbox 290 1572 410 1637; x_wconf 91' lang='lat' dir='ltr'><strong>ambitu</strong></span> <span class='ocrx_word' id='word_1_85' title='bbox 441 1590 477 1636; x_wconf 84' lang='lat' dir='ltr'><strong>ex</strong></span> <span class='ocrx_word' id='word_1_86' title='bbox 506 1571 613 1637; x_wconf 89' lang='lat' dir='ltr'><strong>eodem</strong></span> <span class='ocrx_word' id='word_1_87' title='bbox 640 1573 733 1638; x_wconf 81' lang='lat' dir='ltr'><strong>verbo</strong></span> <span class='ocrx_word' id='word_1_88' title='bbox 761 1574 875 1656; x_wconf 80' lang='lat' dir='ltr'><strong>pendet</strong></span> <span class='ocrx_word' id='word_1_89' title='bbox 902 1575 995 1657; x_wconf 86' lang='lat' dir='ltr'><strong>priori</strong></span> <span class='ocrx_word' id='word_1_90' title='bbox 1023 1575 1088 1641; x_wconf 90' lang='lat' dir='ltr'><strong>locu</strong></span> <span class='ocrx_word' id='word_1_91' title='bbox 1117 1577 1315 1643; x_wconf 87' lang='lat' dir='ltr'><strong>enuntiatum</strong></span> <span class='ocrx_word' id='word_1_92' title='bbox 1342 1598 1379 1644; x_wconf 85' lang='lat' dir='ltr'><strong>ex</strong></span> 
     </span>
     <span class='ocr_line' id='line_1_13' title="bbox 151 1670 1461 1767; baseline 0.003 -23"><span class='ocrx_word' id='word_1_93' title='bbox 151 1680 270 1764; x_wconf 84' lang='lat' dir='ltr'><strong>„quod‘</strong></span> <span class='ocrx_word' id='word_1_94' title='bbox 294 1698 489 1765; x_wconf 85' lang='lat' dir='ltr'><strong>suspensum,</strong></span> <span class='ocrx_word' id='word_1_95' title='bbox 513 1680 624 1767; x_wconf 90' lang='lat' dir='ltr'><strong>deinde</strong></span> <span class='ocrx_word' id='word_1_96' title='bbox 646 1680 821 1747; x_wconf 84' lang='lat' dir='ltr'><strong>infinitivus</strong></span> <span class='ocrx_word' id='word_1_97' title='bbox 846 1701 917 1746; x_wconf 92' lang='lat' dir='ltr'><strong>cum</strong></span> <span class='ocrx_word' id='word_1_98' title='bbox 941 1683 1125 1748; x_wconf 84' lang='lat' dir='ltr'><strong>accusativo.</strong></span> <span class='ocrx_word' id='word_1_99' title='bbox 1458 1670 1461 1674; x_wconf 40' lang='lat'><strong><em>⁴</em></strong></span> 
     </span>
    </p>
   </div>
   <div class='ocr_carea' id='block_1_6' title="bbox 117 1805 1380 2625">
    <p class='ocr_par' dir='ltr' id='par_1_6' title="bbox 117 1805 1380 2625">
     <span class='ocr_line' id='line_1_14' title="bbox 159 1805 1378 1892; baseline 0.005 -22"><span class='ocrx_word' id='word_1_100' title='bbox 159 1876 161 1883; x_wconf 58' lang='grc'>,</span> <span class='ocrx_word' id='word_1_101' title='bbox 260 1805 350 1886; x_wconf 80' lang='lat' dir='ltr'><strong>Quod</strong></span> <span class='ocrx_word' id='word_1_102' title='bbox 375 1805 488 1873; x_wconf 80' lang='lat' dir='ltr'><strong>attinet</strong></span> <span class='ocrx_word' id='word_1_103' title='bbox 510 1806 549 1870; x_wconf 88' lang='lat' dir='ltr'><strong>ad</strong></span> <span class='ocrx_word' id='word_1_104' title='bbox 572 1806 736 1873; x_wconf 89' lang='lat' dir='ltr'><strong>modorum</strong></span> <span class='ocrx_word' id='word_1_105' title='bbox 758 1825 865 1885; x_wconf 89' lang='lat' dir='ltr'><strong>usum,</strong></span> <span class='ocrx_word' id='word_1_106' title='bbox 895 1809 966 1890; x_wconf 92' lang='lat' dir='ltr'><strong>post</strong></span> <span class='ocrx_word' id='word_1_107' title='bbox 994 1809 1210 1892; x_wconf 88' lang='lat' dir='ltr'><strong>imperfectum</strong></span> <span class='ocrx_word' id='word_1_108' title='bbox 1234 1811 1378 1878; x_wconf 85' lang='lat' dir='ltr'><strong>omnibus</strong></span> 
     </span>
     <span class='ocr_line' id='line_1_15' title="bbox 149 1897 1378 2002; baseline 0.005 -25"><span class='ocrx_word' id='word_1_109' title='bbox 149 1913 232 1994; x_wconf 89' lang='lat' dir='ltr'><strong>locis,</strong></span> <span class='ocrx_word' id='word_1_110' title='bbox 255 1916 327 1997; x_wconf 91' lang='lat' dir='ltr'><strong>post</strong></span> <span class='ocrx_word' id='word_1_111' title='bbox 341 1913 512 1997; x_wconf 83' lang='lat' dir='ltr'><strong>perfectum</strong></span> <span class='ocrx_word' id='word_1_112' title='bbox 528 1913 709 1981; x_wconf 89' lang='lat' dir='ltr'><strong>historicum</strong></span> <span class='ocrx_word' id='word_1_113' title='bbox 726 1897 846 1996; x_wconf 40' lang='lat' dir='ltr'><strong>&#39;ubique</strong></span> <span class='ocrx_word' id='word_1_114' title='bbox 863 1914 985 1980; x_wconf 89' lang='lat' dir='ltr'><strong>duobus</strong></span> <span class='ocrx_word' id='word_1_115' title='bbox 1004 1917 1221 1982; x_wconf 91' lang='lat' dir='ltr'><strong>tantummodo</strong></span> <span class='ocrx_word' id='word_1_116' title='bbox 1245 1920 1378 2002; x_wconf 83' lang='lat' dir='ltr'><strong>exceptis</strong></span> 
     </span>
     <span class='ocr_line' id='line_1_16' title="bbox 149 2000 1378 2112; baseline 0.005 -28"><span class='ocrx_word' id='word_1_117' title='bbox 149 2019 268 2106; x_wconf 74' lang='lat' dir='ltr'><strong>(Leo,</strong></span> <span class='ocrx_word' id='word_1_118' title='bbox 292 2004 334 2084; x_wconf 89' lang='grc'><strong>21</strong></span> <span class='ocrx_word' id='word_1_119' title='bbox 359 2025 392 2085; x_wconf 90' lang='grc'><strong>11</strong></span> <span class='ocrx_word' id='word_1_120' title='bbox 414 2019 470 2099; x_wconf 92' lang='lat' dir='ltr'><strong>IX,</strong></span> <span class='ocrx_word' id='word_1_121' title='bbox 495 2021 524 2098; x_wconf 87' lang='grc'><strong>9,</strong></span> <span class='ocrx_word' id='word_1_122' title='bbox 551 2021 606 2106; x_wconf 89' lang='grc'><strong>14)</strong></span> <span class='ocrx_word' id='word_1_123' title='bbox 635 2000 864 2099; x_wconf 77' lang='lat' dir='ltr'><strong>coniunctivae,</strong></span> <span class='ocrx_word' id='word_1_124' title='bbox 894 2025 966 2106; x_wconf 91' lang='lat' dir='ltr'><strong>post</strong></span> <span class='ocrx_word' id='word_1_125' title='bbox 988 2041 1136 2106; x_wconf 90' lang='lat' dir='ltr'><strong>praesens</strong></span> <span class='ocrx_word' id='word_1_126' title='bbox 1160 2024 1279 2112; x_wconf 82' lang='lat' dir='ltr'><strong>septem</strong></span> <span class='ocrx_word' id='word_1_127' title='bbox 1304 2026 1378 2090; x_wconf 91' lang='lat' dir='ltr'><strong>locis</strong></span> 
     </span>
     <span class='ocr_line' id='line_1_17' title="bbox 148 2113 1380 2213; baseline 0.006 -23"><span class='ocrx_word' id='word_1_128' title='bbox 148 2126 345 2205; x_wconf 74' lang='lat' dir='ltr'><strong>indicativus,</strong></span> <span class='ocrx_word' id='word_1_129' title='bbox 369 2128 507 2211; x_wconf 88' lang='lat' dir='ltr'><strong>quinque</strong></span> <span class='ocrx_word' id='word_1_130' title='bbox 524 2113 605 2192; x_wconf 54' lang='lat' dir='ltr'><strong>&#39;locis</strong></span> <span class='ocrx_word' id='word_1_131' title='bbox 629 2128 842 2194; x_wconf 84' lang='lat' dir='ltr'><strong>coniunctirus</strong></span> <span class='ocrx_word' id='word_1_132' title='bbox 866 2129 989 2210; x_wconf 86' lang='lat' dir='ltr'><strong>legitur.</strong></span> <span class='ocrx_word' id='word_1_133' title='bbox 1035 2128 1073 2193; x_wconf 93' lang='lat' dir='ltr'><strong>In</strong></span> <span class='ocrx_word' id='word_1_134' title='bbox 1089 2130 1268 2196; x_wconf 82' lang='lat' dir='ltr'><strong>universum</strong></span> <span class='ocrx_word' id='word_1_135' title='bbox 1283 2132 1380 2213; x_wconf 89' lang='lat' dir='ltr'><strong>igitur</strong></span> 
     </span>
     <span class='ocr_line' id='line_1_18' title="bbox 152 2234 1380 2321; baseline 0.005 -22"><span class='ocrx_word' id='word_1_136' title='bbox 152 2234 211 2301; x_wconf 90' lang='lat' dir='ltr'><strong>dici</strong></span> <span class='ocrx_word' id='word_1_137' title='bbox 232 2237 337 2320; x_wconf 89' lang='lat' dir='ltr'><strong>potest</strong></span> <span class='ocrx_word' id='word_1_138' title='bbox 359 2237 431 2318; x_wconf 89' lang='lat' dir='ltr'><strong>post</strong></span> <span class='ocrx_word' id='word_1_139' title='bbox 452 2239 592 2320; x_wconf 90' lang='lat' dir='ltr'><strong>tempora</strong></span> <span class='ocrx_word' id='word_1_140' title='bbox 614 2234 765 2320; x_wconf 89' lang='lat' dir='ltr'><strong>primaria</strong></span> <span class='ocrx_word' id='word_1_141' title='bbox 786 2234 1003 2315; x_wconf 87' lang='lat' dir='ltr'><strong>indicativum,</strong></span> <span class='ocrx_word' id='word_1_142' title='bbox 1027 2242 1099 2320; x_wconf 88' lang='lat' dir='ltr'><strong>pest</strong></span> <span class='ocrx_word' id='word_1_143' title='bbox 1114 2240 1253 2321; x_wconf 90' lang='lat' dir='ltr'><strong>tempora</strong></span> <span class='ocrx_word' id='word_1_144' title='bbox 1269 2258 1380 2306; x_wconf 89' lang='lat' dir='ltr'><strong>secun-</strong></span> 
     </span>
     <span class='ocr_line' id='line_1_19' title="bbox 117 2330 1379 2432; baseline 0.001 -22"><span class='ocrx_word' id='word_1_145' title='bbox 117 2330 119 2335; x_wconf 59' lang='grc'><strong>’</strong></span> <span class='ocrx_word' id='word_1_146' title='bbox 150 2342 236 2410; x_wconf 84' lang='lat' dir='ltr'><strong>daria</strong></span> <span class='ocrx_word' id='word_1_147' title='bbox 259 2342 488 2408; x_wconf 82' lang='lat' dir='ltr'><strong>coniunctiuum</strong></span> <span class='ocrx_word' id='word_1_148' title='bbox 517 2342 662 2416; x_wconf 88' lang='lat' dir='ltr'><strong>adamari.</strong></span> <span class='ocrx_word' id='word_1_149' title='bbox 707 2342 794 2407; x_wconf 89' lang='lat' dir='ltr'><strong>Haec</strong></span> <span class='ocrx_word' id='word_1_150' title='bbox 824 2343 932 2409; x_wconf 87' lang='lat' dir='ltr'><strong>modos</strong></span> <span class='ocrx_word' id='word_1_151' title='bbox 959 2345 1132 2428; x_wconf 89' lang='lat' dir='ltr'><strong>usurpandi</strong></span> <span class='ocrx_word' id='word_1_152' title='bbox 1162 2346 1240 2410; x_wconf 86' lang='lat' dir='ltr'><strong>ratio</strong></span> <span class='ocrx_word' id='word_1_153' title='bbox 1271 2351 1379 2432; x_wconf 81' lang='lat' dir='ltr'><strong>atrurn</strong></span> 
     </span>
     <span class='ocr_line' id='line_1_20' title="bbox 148 2440 1378 2534; baseline 0.005 -20"><span class='ocrx_word' id='word_1_154' title='bbox 148 2440 280 2515; x_wconf 90' lang='lat' dir='ltr'><strong>incasu</strong></span> <span class='ocrx_word' id='word_1_155' title='bbox 302 2451 446 2534; x_wconf 91' lang='lat' dir='ltr'><strong>pononda</strong></span> <span class='ocrx_word' id='word_1_156' title='bbox 469 2450 524 2530; x_wconf 90' lang='grc'>111,</span> <span class='ocrx_word' id='word_1_157' title='bbox 558 2469 672 2531; x_wconf 88' lang='grc'>11111,</span> <span class='ocrx_word' id='word_1_158' title='bbox 705 2450 738 2515; x_wconf 90' lang='grc'><strong>11</strong></span> <span class='ocrx_word' id='word_1_159' title='bbox 761 2451 862 2516; x_wconf 89' lang='lat' dir='ltr'><strong>medio</strong></span> <span class='ocrx_word' id='word_1_160' title='bbox 885 2451 1042 2533; x_wconf 88' lang='lat' dir='ltr'><strong>relinquo:</strong></span> <span class='ocrx_word' id='word_1_161' title='bbox 1078 2454 1136 2517; x_wconf 92' lang='lat' dir='ltr'><strong>hoc</strong></span> <span class='ocrx_word' id='word_1_162' title='bbox 1159 2455 1284 2519; x_wconf 92' lang='lat' dir='ltr'><strong>tantum</strong></span> <span class='ocrx_word' id='word_1_163' title='bbox 1311 2455 1378 2520; x_wconf 91' lang='lat' dir='ltr'><strong>dico</strong></span> 
     </span>
     <span class='ocr_line' id='line_1_21' title="bbox 149 2542 1279 2625; baseline 0.001 -3"><span class='ocrx_word' id='word_1_164' title='bbox 149 2559 248 2622; x_wconf 87' lang='lat' dir='ltr'><strong>ullam</strong></span> <span class='ocrx_word' id='word_1_165' title='bbox 272 2557 366 2622; x_wconf 90' lang='lat' dir='ltr'><strong>aliam</strong></span> <span class='ocrx_word' id='word_1_166' title='bbox 388 2558 539 2623; x_wconf 89' lang='lat' dir='ltr'><strong>rationem</strong></span> <span class='ocrx_word' id='word_1_167' title='bbox 563 2557 701 2624; x_wconf 84' lang='lat' dir='ltr'><strong>Gellium</strong></span> <span class='ocrx_word' id='word_1_168' title='bbox 723 2577 785 2624; x_wconf 91' lang='lat' dir='ltr'><strong>non</strong></span> <span class='ocrx_word' id='word_1_169' title='bbox 808 2561 952 2624; x_wconf 86' lang='lat' dir='ltr'><strong>secutum</strong></span> <span class='ocrx_word' id='word_1_170' title='bbox 975 2576 1042 2623; x_wconf 90' lang='lat' dir='ltr'><strong>esse</strong></span> <span class='ocrx_word' id='word_1_171' title='bbox 1065 2559 1169 2625; x_wconf 82' lang='lat' dir='ltr'><strong>videri.</strong></span> <span class='ocrx_word' id='word_1_172' title='bbox 1277 2542 1279 2547; x_wconf 39' lang='lat'><strong>¹</strong></span> 
     </span>
    </p>
   </div>
   <div class='ocr_carea' id='block_1_7' title="bbox 85 2670 1378 3198">
    <p class='ocr_par' dir='ltr' id='par_1_7' title="bbox 85 2670 1378 2984">
     <span class='ocr_line' id='line_1_22' title="bbox 85 2670 1378 2771; baseline 0.001 -23"><span class='ocrx_word' id='word_1_173' title='bbox 85 2670 89 2679; x_wconf 79' lang='grc'>’</span> <span class='ocrx_word' id='word_1_174' title='bbox 200 2754 203 2759; x_wconf 49' lang='grc'>,</span> <span class='ocrx_word' id='word_1_175' title='bbox 260 2682 445 2771; x_wconf 82' lang='lat' dir='ltr'><strong>Saepissime</strong></span> <span class='ocrx_word' id='word_1_176' title='bbox 479 2685 628 2749; x_wconf 89' lang='lat' dir='ltr'><strong>lemmata</strong></span> <span class='ocrx_word' id='word_1_177' title='bbox 667 2684 879 2756; x_wconf 84' lang='lat' dir='ltr'><strong>coniunctione</strong></span> <span class='ocrx_word' id='word_1_178' title='bbox 917 2685 1042 2767; x_wconf 81' lang='lat' dir='ltr'><strong>„quod‘</strong></span> <span class='ocrx_word' id='word_1_179' title='bbox 1076 2685 1284 2762; x_wconf 89' lang='lat' dir='ltr'><strong>inducuntur,</strong></span> <span class='ocrx_word' id='word_1_180' title='bbox 1323 2687 1378 2751; x_wconf 92' lang='lat' dir='ltr'><strong>nbi</strong></span> 
     </span>
     <span class='ocr_line' id='line_1_23' title="bbox 149 2777 1378 2874; baseline 0.001 -19"><span class='ocrx_word' id='word_1_181' title='bbox 149 2791 345 2873; x_wconf 84' lang='lat' dir='ltr'><strong>accusativus</strong></span> <span class='ocrx_word' id='word_1_182' title='bbox 369 2811 440 2856; x_wconf 91' lang='lat' dir='ltr'><strong>oum</strong></span> <span class='ocrx_word' id='word_1_183' title='bbox 463 2777 614 2856; x_wconf 85' lang='lat' dir='ltr'><strong>infinitivo</strong></span> <span class='ocrx_word' id='word_1_184' title='bbox 635 2793 839 2874; x_wconf 78' lang='lat' dir='ltr'><strong>exspectatur.</strong></span> <span class='ocrx_word' id='word_1_185' title='bbox 876 2789 1111 2873; x_wconf 83' lang='lat' dir='ltr'><strong>Quinquaginta</strong></span> <span class='ocrx_word' id='word_1_186' title='bbox 1126 2794 1194 2857; x_wconf 91' lang='lat' dir='ltr'><strong>octo</strong></span> <span class='ocrx_word' id='word_1_187' title='bbox 1208 2791 1282 2858; x_wconf 91' lang='lat' dir='ltr'><strong>locis</strong></span> <span class='ocrx_word' id='word_1_188' title='bbox 1297 2793 1378 2857; x_wconf 91' lang='lat' dir='ltr'><strong>indi-</strong></span> 
     </span>
     <span class='ocr_line' id='line_1_24' title="bbox 150 2897 1377 2984; baseline 0.004 -23"><span class='ocrx_word' id='word_1_189' title='bbox 150 2897 280 2978; x_wconf 81' lang='lat' dir='ltr'><strong>cativus,</strong></span> <span class='ocrx_word' id='word_1_190' title='bbox 304 2899 415 2981; x_wconf 83' lang='lat' dir='ltr'><strong>viginti</strong></span> <span class='ocrx_word' id='word_1_191' title='bbox 437 2900 511 2964; x_wconf 89' lang='lat' dir='ltr'><strong>locis</strong></span> <span class='ocrx_word' id='word_1_192' title='bbox 536 2900 749 2964; x_wconf 89' lang='lat' dir='ltr'><strong>coniunctivus</strong></span> <span class='ocrx_word' id='word_1_193' title='bbox 772 2900 922 2982; x_wconf 85' lang='lat' dir='ltr'><strong>reperitur</strong></span> <span class='ocrx_word' id='word_1_194' title='bbox 944 2899 983 2965; x_wconf 83' lang='lat' dir='ltr'><strong>of.</strong></span> <span class='ocrx_word' id='word_1_195' title='bbox 1001 2898 1118 2981; x_wconf 79' lang='lat' dir='ltr'><strong>Gurges</strong></span> <span class='ocrx_word' id='word_1_196' title='bbox 1140 2900 1162 2966; x_wconf 93' lang='grc'><strong>1.</strong></span> <span class='ocrx_word' id='word_1_197' title='bbox 1187 2919 1213 2964; x_wconf 86' lang='lat' dir='ltr'><strong>c.</strong></span> <span class='ocrx_word' id='word_1_198' title='bbox 1237 2919 1307 2984; x_wconf 88' lang='lat' dir='ltr'><strong>pag.</strong></span> <span class='ocrx_word' id='word_1_199' title='bbox 1327 2902 1377 2967; x_wconf 89' lang='grc'><strong>52.</strong></span> 
     </span>
    </p>

    <p class='ocr_par' dir='ltr' id='par_1_8' title="bbox 151 3023 1376 3198">
     <span class='ocr_line' id='line_1_25' title="bbox 261 3023 1376 3108; baseline 0 -20"><span class='ocrx_word' id='word_1_200' title='bbox 261 3023 296 3107; x_wconf 88' lang='lat' dir='ltr'><strong>h)</strong></span> <span class='ocrx_word' id='word_1_201' title='bbox 320 3023 468 3107; x_wconf 82' lang='lat' dir='ltr'><strong>Sequitur</strong></span> <span class='ocrx_word' id='word_1_202' title='bbox 491 3027 528 3089; x_wconf 86' lang='lat' dir='ltr'><strong>ut</strong></span> <span class='ocrx_word' id='word_1_203' title='bbox 552 3026 674 3108; x_wconf 76' lang='lat' dir='ltr'><strong>„quod‘</strong></span> <span class='ocrx_word' id='word_1_204' title='bbox 698 3026 885 3108; x_wconf 73' lang='lat' dir='ltr'><strong>particulae,</strong></span> <span class='ocrx_word' id='word_1_205' title='bbox 917 3024 1150 3108; x_wconf 89' lang='lat' dir='ltr'><strong>ellipticum‚</strong></span> <span class='ocrx_word' id='word_1_206' title='bbox 1179 3027 1232 3107; x_wconf 89' lang='lat' dir='ltr'><strong>qui</strong></span> <span class='ocrx_word' id='word_1_207' title='bbox 1256 3026 1376 3103; x_wconf 89' lang='lat' dir='ltr'><strong>dicitur,</strong></span> 
     </span>
     <span class='ocr_line' id='line_1_26' title="bbox 151 3149 553 3198; baseline 0 -4"><span class='ocrx_word' id='word_1_208' title='bbox 151 3149 244 3196; x_wconf 87' lang='lat' dir='ltr'><strong>usum</strong></span> <span class='ocrx_word' id='word_1_209' title='bbox 268 3149 553 3198; x_wconf 85' lang='lat' dir='ltr'><strong>commemoremus.</strong></span> 
     </span>
    </p>
   </div>
   <div class='ocr_carea' id='block_1_8' title="bbox 151 3247 1421 4091">
    <p class='ocr_par' dir='ltr' id='par_1_9' title="bbox 151 3247 1421 4091">
     <span class='ocr_line' id='line_1_27' title="bbox 263 3247 1378 3342; baseline 0.002 -22"><span class='ocrx_word' id='word_1_210' title='bbox 263 3247 323 3320; x_wconf 86' lang='lat' dir='ltr'><strong>Hic</strong></span> <span class='ocrx_word' id='word_1_211' title='bbox 346 3276 423 3322; x_wconf 90' lang='lat' dir='ltr'><strong>usus</strong></span> <span class='ocrx_word' id='word_1_212' title='bbox 446 3256 509 3322; x_wconf 90' lang='lat' dir='ltr'><strong>iarn</strong></span> <span class='ocrx_word' id='word_1_213' title='bbox 533 3259 625 3342; x_wconf 61' lang='lat' dir='ltr'><strong>apud,</strong></span> <span class='ocrx_word' id='word_1_214' title='bbox 644 3259 760 3341; x_wconf 89' lang='lat' dir='ltr'><strong>priscos</strong></span> <span class='ocrx_word' id='word_1_215' title='bbox 789 3258 952 3341; x_wconf 85' lang='lat' dir='ltr'><strong>scriptores</strong></span> <span class='ocrx_word' id='word_1_216' title='bbox 983 3257 1147 3322; x_wconf 86' lang='lat' dir='ltr'><strong>iuvenitur.</strong></span> <span class='ocrx_word' id='word_1_217' title='bbox 1193 3257 1240 3323; x_wconf 78' lang='lat' dir='ltr'><strong>Ex</strong></span> <span class='ocrx_word' id='word_1_218' title='bbox 1268 3257 1378 3322; x_wconf 91' lang='lat' dir='ltr'><strong>Plauto</strong></span> 
     </span>
     <span class='ocr_line' id='line_1_28' title="bbox 151 3364 1379 3447; baseline 0.001 -19"><span class='ocrx_word' id='word_1_219' title='bbox 151 3364 295 3429; x_wconf 89' lang='lat' dir='ltr'><strong>undecim</strong></span> <span class='ocrx_word' id='word_1_220' title='bbox 329 3364 388 3429; x_wconf 88' lang='lat' dir='ltr'><strong>loci</strong></span> <span class='ocrx_word' id='word_1_221' title='bbox 419 3385 437 3429; x_wconf 95' lang='lat' dir='ltr'><strong>a</strong></span> <span class='ocrx_word' id='word_1_222' title='bbox 461 3366 689 3430; x_wconf 86' lang='lat' dir='ltr'><strong>Zimmermano</strong></span> <span class='ocrx_word' id='word_1_223' title='bbox 712 3365 732 3431; x_wconf 89' lang='lat' dir='ltr'><strong>l.</strong></span> <span class='ocrx_word' id='word_1_224' title='bbox 758 3384 783 3430; x_wconf 81' lang='lat' dir='ltr'><strong>c.</strong></span> <span class='ocrx_word' id='word_1_225' title='bbox 806 3385 877 3447; x_wconf 91' lang='lat' dir='ltr'><strong>pag.</strong></span> <span class='ocrx_word' id='word_1_226' title='bbox 902 3367 936 3442; x_wconf 92' lang='grc'><strong>2,</strong></span> <span class='ocrx_word' id='word_1_227' title='bbox 973 3382 1009 3428; x_wconf 84' lang='lat' dir='ltr'><strong>er</strong></span> <span class='ocrx_word' id='word_1_228' title='bbox 1036 3364 1179 3428; x_wconf 84' lang='lat' dir='ltr'><strong>Terentio</strong></span> <span class='ocrx_word' id='word_1_229' title='bbox 1207 3364 1379 3442; x_wconf 88' lang='lat' dir='ltr'><strong>duodecim,</strong></span> 
     </span>
     <span class='ocr_line' id='line_1_29' title="bbox 151 3472 1378 3557; baseline 0.001 -22"><span class='ocrx_word' id='word_1_230' title='bbox 151 3489 232 3536; x_wconf 89' lang='lat' dir='ltr'><strong>unus</strong></span> <span class='ocrx_word' id='word_1_231' title='bbox 248 3491 284 3536; x_wconf 88' lang='lat' dir='ltr'><strong>ex</strong></span> <span class='ocrx_word' id='word_1_232' title='bbox 300 3472 440 3551; x_wconf 81' lang='lat' dir='ltr'><strong>Afranio,</strong></span> <span class='ocrx_word' id='word_1_233' title='bbox 463 3492 498 3537; x_wconf 85' lang='grc'><strong>11</strong></span> <span class='ocrx_word' id='word_1_234' title='bbox 514 3472 631 3538; x_wconf 86' lang='lat' dir='ltr'><strong>Catone</strong></span> <span class='ocrx_word' id='word_1_235' title='bbox 655 3492 745 3551; x_wconf 87' lang='lat' dir='ltr'><strong>unua,</strong></span> <span class='ocrx_word' id='word_1_236' title='bbox 760 3492 843 3538; x_wconf 91' lang='lat' dir='ltr'><strong>unus</strong></span> <span class='ocrx_word' id='word_1_237' title='bbox 868 3492 903 3536; x_wconf 84' lang='lat' dir='ltr'><strong>ex</strong></span> <span class='ocrx_word' id='word_1_238' title='bbox 927 3478 1055 3537; x_wconf 89' lang='lat' dir='ltr'><strong>senatus</strong></span> <span class='ocrx_word' id='word_1_239' title='bbox 1079 3472 1219 3536; x_wconf 90' lang='lat' dir='ltr'><strong>consulto</strong></span> <span class='ocrx_word' id='word_1_240' title='bbox 1244 3472 1281 3536; x_wconf 92' lang='lat' dir='ltr'><strong>de</strong></span> <span class='ocrx_word' id='word_1_241' title='bbox 1302 3473 1378 3557; x_wconf 87' lang='lat' dir='ltr'><strong>phil.</strong></span> 
     </span>
     <span class='ocr_line' id='line_1_30' title="bbox 152 3577 1379 3669; baseline 0 -27"><span class='ocrx_word' id='word_1_242' title='bbox 152 3580 184 3669; x_wconf 86' lang='lat' dir='ltr'><strong>et</strong></span> <span class='ocrx_word' id='word_1_243' title='bbox 205 3578 318 3646; x_wconf 90' lang='lat' dir='ltr'><strong>rhetor.</strong></span> <span class='ocrx_word' id='word_1_244' title='bbox 344 3580 566 3660; x_wconf 80' lang='lat' dir='ltr'><strong>(Wordsuorth</strong></span> <span class='ocrx_word' id='word_1_245' title='bbox 582 3599 651 3663; x_wconf 90' lang='lat' dir='ltr'><strong>pag.</strong></span> <span class='ocrx_word' id='word_1_246' title='bbox 668 3581 757 3663; x_wconf 84' lang='grc'>274),</span> <span class='ocrx_word' id='word_1_247' title='bbox 781 3599 864 3644; x_wconf 87' lang='grc'>1111</span> <span class='ocrx_word' id='word_1_248' title='bbox 881 3580 1000 3660; x_wconf 88' lang='lat' dir='ltr'><strong>exlege</strong></span> <span class='ocrx_word' id='word_1_249' title='bbox 1017 3579 1139 3659; x_wconf 86' lang='lat' dir='ltr'><strong>agraria</strong></span> <span class='ocrx_word' id='word_1_250' title='bbox 1156 3577 1379 3660; x_wconf 84' lang='lat' dir='ltr'><strong>(Wordsworth</strong></span> 
     </span>
     <span class='ocr_line' id='line_1_31' title="bbox 151 3685 1379 3772; baseline 0 -22"><span class='ocrx_word' id='word_1_251' title='bbox 151 3705 220 3769; x_wconf 89' lang='lat' dir='ltr'><strong>pag.</strong></span> <span class='ocrx_word' id='word_1_252' title='bbox 247 3688 324 3772; x_wconf 86' lang='lat'>194)</span> <span class='ocrx_word' id='word_1_253' title='bbox 353 3686 532 3754; x_wconf 86' lang='lat' dir='ltr'><strong>afferuntur.</strong></span> <span class='ocrx_word' id='word_1_254' title='bbox 578 3687 634 3752; x_wconf 89' lang='lat' dir='ltr'><strong>His</strong></span> <span class='ocrx_word' id='word_1_255' title='bbox 658 3687 732 3752; x_wconf 89' lang='lat' dir='ltr'><strong>locis</strong></span> <span class='ocrx_word' id='word_1_256' title='bbox 764 3687 864 3751; x_wconf 90' lang='lat' dir='ltr'><strong>decies</strong></span> <span class='ocrx_word' id='word_1_257' title='bbox 896 3689 1006 3768; x_wconf 88' lang='lat' dir='ltr'><strong>quater</strong></span> <span class='ocrx_word' id='word_1_258' title='bbox 1041 3685 1245 3765; x_wconf 82' lang='lat' dir='ltr'><strong>indicativae,</strong></span> <span class='ocrx_word' id='word_1_259' title='bbox 1279 3685 1379 3751; x_wconf 87' lang='lat' dir='ltr'><strong>decies</strong></span> 
     </span>
     <span class='ocr_line' id='line_1_32' title="bbox 152 3792 1421 3878; baseline -0.001 -20"><span class='ocrx_word' id='word_1_260' title='bbox 152 3799 200 3858; x_wconf 90' lang='lat' dir='ltr'><strong>ter</strong></span> <span class='ocrx_word' id='word_1_261' title='bbox 215 3794 429 3859; x_wconf 89' lang='lat' dir='ltr'><strong>coniunctivus</strong></span> <span class='ocrx_word' id='word_1_262' title='bbox 452 3796 541 3876; x_wconf 89' lang='lat' dir='ltr'><strong>isque</strong></span> <span class='ocrx_word' id='word_1_263' title='bbox 565 3794 744 3878; x_wconf 82' lang='lat' dir='ltr'><strong>potentialis</strong></span> <span class='ocrx_word' id='word_1_264' title='bbox 767 3794 931 3858; x_wconf 86' lang='lat' dir='ltr'><strong>invenitur.</strong></span> <span class='ocrx_word' id='word_1_265' title='bbox 978 3792 1128 3857; x_wconf 86' lang='lat' dir='ltr'><strong>Videmus</strong></span> <span class='ocrx_word' id='word_1_266' title='bbox 1158 3793 1255 3874; x_wconf 91' lang='lat' dir='ltr'><strong>igitur</strong></span> <span class='ocrx_word' id='word_1_267' title='bbox 1277 3811 1379 3859; x_wconf 87' lang='lat' dir='ltr'><strong>errare</strong></span> <span class='ocrx_word' id='word_1_268' title='bbox 1417 3863 1421 3870; x_wconf 63' lang='grc'>,</span> 
     </span>
     <span class='ocr_line' id='line_1_33' title="bbox 151 3900 1380 3984; baseline 0.001 -20"><span class='ocrx_word' id='word_1_269' title='bbox 151 3901 345 3978; x_wconf 86' lang='lat' dir='ltr'><strong>Krihnerum,</strong></span> <span class='ocrx_word' id='word_1_270' title='bbox 370 3902 423 3984; x_wconf 90' lang='lat' dir='ltr'><strong>qui</strong></span> <span class='ocrx_word' id='word_1_271' title='bbox 446 3902 464 3967; x_wconf 87' lang='lat' dir='ltr'><strong>l.</strong></span> <span class='ocrx_word' id='word_1_272' title='bbox 490 3921 514 3968; x_wconf 91' lang='lat' dir='ltr'><strong>c.</strong></span> <span class='ocrx_word' id='word_1_273' title='bbox 539 3902 580 3981; x_wconf 87' lang='lat' dir='ltr'><strong>ll,</strong></span> <span class='ocrx_word' id='word_1_274' title='bbox 605 3903 632 3967; x_wconf 91' lang='lat' dir='ltr'><strong>d.</strong></span> <span class='ocrx_word' id='word_1_275' title='bbox 659 3902 723 3967; x_wconf 87' lang='grc'><strong>840</strong></span> <span class='ocrx_word' id='word_1_276' title='bbox 747 3901 835 3966; x_wconf 90' lang='lat' dir='ltr'><strong>dicit:</strong></span> <span class='ocrx_word' id='word_1_277' title='bbox 871 3901 948 3979; x_wconf 80' lang='lat' dir='ltr'><strong>„liei</strong></span> <span class='ocrx_word' id='word_1_278' title='bbox 971 3900 1103 3964; x_wconf 91' lang='lat' dir='ltr'><strong>Plautus</strong></span> <span class='ocrx_word' id='word_1_279' title='bbox 1131 3900 1194 3964; x_wconf 91' lang='lat' dir='ltr'><strong>und</strong></span> <span class='ocrx_word' id='word_1_280' title='bbox 1219 3901 1380 3965; x_wconf 83' lang='lat' dir='ltr'><strong>Terentius</strong></span> 
     </span>
     <span class='ocr_line' id='line_1_34' title="bbox 152 4007 1105 4091; baseline 0.002 -19"><span class='ocrx_word' id='word_1_281' title='bbox 152 4008 226 4072; x_wconf 82' lang='lat' dir='ltr'><strong>uird</strong></span> <span class='ocrx_word' id='word_1_282' title='bbox 251 4007 333 4091; x_wconf 91' lang='lat' dir='ltr'><strong>quod</strong></span> <span class='ocrx_word' id='word_1_283' title='bbox 357 4008 488 4074; x_wconf 90' lang='lat' dir='ltr'><strong>alsdann</strong></span> <span class='ocrx_word' id='word_1_284' title='bbox 512 4011 571 4074; x_wconf 88' lang='lat' dir='ltr'><strong>mit</strong></span> <span class='ocrx_word' id='word_1_285' title='bbox 594 4009 664 4074; x_wconf 90' lang='lat' dir='ltr'><strong>dem</strong></span> <span class='ocrx_word' id='word_1_286' title='bbox 689 4008 871 4090; x_wconf 83' lang='lat' dir='ltr'><strong>Conjunctiv</strong></span> <span class='ocrx_word' id='word_1_287' title='bbox 894 4007 1105 4075; x_wconf 82' lang='lat' dir='ltr'><strong>verbunden“.</strong></span> 
     </span>
    </p>
   </div>
   <div class='ocr_carea' id='block_1_9' title="bbox 152 4133 1382 4652">
    <p class='ocr_par' dir='ltr' id='par_1_10' title="bbox 152 4133 1382 4652">
     <span class='ocr_line' id='line_1_35' title="bbox 263 4133 1380 4219; baseline -0.001 -21"><span class='ocrx_word' id='word_1_288' title='bbox 263 4134 338 4200; x_wconf 88' lang='lat' dir='ltr'><strong>Post</strong></span> <span class='ocrx_word' id='word_1_289' title='bbox 361 4134 471 4198; x_wconf 87' lang='lat' dir='ltr'><strong>horum</strong></span> <span class='ocrx_word' id='word_1_290' title='bbox 495 4134 682 4219; x_wconf 87' lang='lat' dir='ltr'><strong>scriptorum</strong></span> <span class='ocrx_word' id='word_1_291' title='bbox 706 4138 847 4218; x_wconf 87' lang='lat' dir='ltr'><strong>tempora</strong></span> <span class='ocrx_word' id='word_1_292' title='bbox 870 4134 923 4197; x_wconf 92' lang='lat' dir='ltr'><strong>hic</strong></span> <span class='ocrx_word' id='word_1_293' title='bbox 942 4152 1017 4197; x_wconf 91' lang='lat' dir='ltr'><strong>usus</strong></span> <span class='ocrx_word' id='word_1_294' title='bbox 1033 4133 1198 4215; x_wconf 87' lang='lat' dir='ltr'><strong>paullatim</strong></span> <span class='ocrx_word' id='word_1_295' title='bbox 1214 4151 1251 4197; x_wconf 84' lang='lat' dir='ltr'><strong>ex</strong></span> <span class='ocrx_word' id='word_1_296' title='bbox 1267 4133 1380 4198; x_wconf 86' lang='lat' dir='ltr'><strong>litteris</strong></span> 
     </span>
     <span class='ocr_line' id='line_1_36' title="bbox 153 4240 1380 4326; baseline -0.002 -20"><span class='ocrx_word' id='word_1_297' title='bbox 153 4242 316 4326; x_wconf 83' lang='lat' dir='ltr'><strong>expellitur</strong></span> <span class='ocrx_word' id='word_1_298' title='bbox 339 4246 372 4306; x_wconf 92' lang='grc'><strong>11</strong></span> <span class='ocrx_word' id='word_1_299' title='bbox 394 4243 477 4306; x_wconf 91' lang='lat' dir='ltr'><strong>intra</strong></span> <span class='ocrx_word' id='word_1_300' title='bbox 493 4242 641 4310; x_wconf 86' lang='lat' dir='ltr'><strong>terminos</strong></span> <span class='ocrx_word' id='word_1_301' title='bbox 658 4243 809 4308; x_wconf 89' lang='lat' dir='ltr'><strong>sermonis</strong></span> <span class='ocrx_word' id='word_1_302' title='bbox 825 4240 972 4306; x_wconf 89' lang='lat' dir='ltr'><strong>cotidiani</strong></span> <span class='ocrx_word' id='word_1_303' title='bbox 988 4240 1196 4305; x_wconf 89' lang='lat' dir='ltr'><strong>etfamiliaris</strong></span> <span class='ocrx_word' id='word_1_304' title='bbox 1214 4242 1380 4317; x_wconf 73' lang='lat' dir='ltr'><strong>coercetur,</strong></span> 
     </span>
     <span class='ocr_line' id='line_1_37' title="bbox 152 4346 1382 4435; baseline -0.002 -23"><span class='ocrx_word' id='word_1_305' title='bbox 152 4350 184 4414; x_wconf 92' lang='lat' dir='ltr'><strong>id</strong></span> <span class='ocrx_word' id='word_1_306' title='bbox 207 4350 289 4432; x_wconf 90' lang='lat' dir='ltr'><strong>quod</strong></span> <span class='ocrx_word' id='word_1_307' title='bbox 313 4348 453 4435; x_wconf 90' lang='lat' dir='ltr'><strong>inprimis</strong></span> <span class='ocrx_word' id='word_1_308' title='bbox 476 4352 535 4416; x_wconf 87' lang='lat' dir='ltr'><strong>huc</strong></span> <span class='ocrx_word' id='word_1_309' title='bbox 550 4371 582 4416; x_wconf 89' lang='lat' dir='ltr'><strong>rc</strong></span> <span class='ocrx_word' id='word_1_310' title='bbox 599 4350 809 4428; x_wconf 88' lang='lat' dir='ltr'><strong>confirmatur,</strong></span> <span class='ocrx_word' id='word_1_311' title='bbox 834 4350 915 4431; x_wconf 91' lang='lat' dir='ltr'><strong>quod</strong></span> <span class='ocrx_word' id='word_1_312' title='bbox 932 4348 1036 4415; x_wconf 80' lang='lat' dir='ltr'><strong>Cicero</strong></span> <span class='ocrx_word' id='word_1_313' title='bbox 1052 4349 1110 4412; x_wconf 91' lang='lat' dir='ltr'><strong>hac</strong></span> <span class='ocrx_word' id='word_1_314' title='bbox 1126 4349 1243 4413; x_wconf 90' lang='lat' dir='ltr'><strong>ratione</strong></span> <span class='ocrx_word' id='word_1_315' title='bbox 1260 4346 1382 4412; x_wconf 89' lang='lat' dir='ltr'><strong>dicendi</strong></span> 
     </span>
     <span class='ocr_line' id='line_1_38' title="bbox 154 4457 1380 4543; baseline -0.002 -21"><span class='ocrx_word' id='word_1_316' title='bbox 154 4460 186 4522; x_wconf 92' lang='lat' dir='ltr'><strong>in</strong></span> <span class='ocrx_word' id='word_1_317' title='bbox 222 4459 360 4543; x_wconf 88' lang='lat' dir='ltr'><strong>epistolis</strong></span> <span class='ocrx_word' id='word_1_318' title='bbox 390 4459 583 4538; x_wconf 88' lang='lat' dir='ltr'><strong>creberrime,</strong></span> <span class='ocrx_word' id='word_1_319' title='bbox 615 4459 648 4522; x_wconf 92' lang='lat' dir='ltr'><strong>in</strong></span> <span class='ocrx_word' id='word_1_320' title='bbox 679 4458 788 4524; x_wconf 87' lang='lat' dir='ltr'><strong>ceteris</strong></span> <span class='ocrx_word' id='word_1_321' title='bbox 821 4457 943 4541; x_wconf 90' lang='lat' dir='ltr'><strong>scriptis</strong></span> <span class='ocrx_word' id='word_1_322' title='bbox 975 4476 1097 4541; x_wconf 88' lang='lat' dir='ltr'><strong>perraro</strong></span> <span class='ocrx_word' id='word_1_323' title='bbox 1128 4457 1235 4520; x_wconf 85' lang='lat' dir='ltr'><strong>utitur.</strong></span> <span class='ocrx_word' id='word_1_324' title='bbox 1290 4457 1380 4539; x_wconf 76' lang='lat' dir='ltr'><strong>Apud</strong></span> 
     </span>
     <span class='ocr_line' id='line_1_39' title="bbox 153 4563 1380 4652; baseline -0.002 -19"><span class='ocrx_word' id='word_1_325' title='bbox 153 4568 270 4633; x_wconf 93' lang='lat' dir='ltr'><strong>multos</strong></span> <span class='ocrx_word' id='word_1_326' title='bbox 295 4567 457 4652; x_wconf 87' lang='lat' dir='ltr'><strong>scriptores</strong></span> <span class='ocrx_word' id='word_1_327' title='bbox 481 4567 531 4632; x_wconf 92' lang='lat' dir='ltr'><strong>hic</strong></span> <span class='ocrx_word' id='word_1_328' title='bbox 560 4586 636 4632; x_wconf 90' lang='lat' dir='ltr'><strong>usus</strong></span> <span class='ocrx_word' id='word_1_329' title='bbox 665 4567 789 4633; x_wconf 90' lang='lat' dir='ltr'><strong>omnino</strong></span> <span class='ocrx_word' id='word_1_330' title='bbox 817 4585 896 4646; x_wconf 90' lang='lat' dir='ltr'><strong>non,</strong></span> <span class='ocrx_word' id='word_1_331' title='bbox 932 4565 1014 4652; x_wconf 91' lang='lat' dir='ltr'><strong>apud</strong></span> <span class='ocrx_word' id='word_1_332' title='bbox 1037 4565 1203 4631; x_wconf 90' lang='lat' dir='ltr'><strong>nonnullos</strong></span> <span class='ocrx_word' id='word_1_333' title='bbox 1226 4563 1380 4631; x_wconf 87' lang='lat' dir='ltr'><strong>rarissime</strong></span> 
     </span>
    </p>
   </div>
   <div class='ocr_carea' id='block_1_10' title="bbox 0 0 1541 4996">
    <p class='ocr_par' dir='ltr' id='par_1_11' title="bbox 0 0 1541 4996">
     <span class='ocr_line' id='line_1_40' title="bbox 0 0 1541 4996; baseline 0 0"><span class='ocrx_word' id='word_1_334' title='bbox 0 0 1541 4996; x_wconf 95' lang='lat' dir='ltr'><strong> </strong></span> 
     </span>
    </p>
   </div>
  </div>
 </body>
</html>
