3068 4996
664 250 875 318 ..18-

157 462 238 528 Enni
262 463 387 541 dinaei,
422 466 490 529 tum
514 468 589 546 ego“
613 483 638 531 e.
655 483 683 548 q.
700 484 723 530 s.
757 465 926 531 infinitivus
949 470 1054 544 „esse“
1078 467 1110 530 et
1132 466 1299 543 „iuveniri“
1323 486 1386 533 non

157 589 194 635 er
216 573 308 636 verbo
326 571 539 650 „demIratus“‚
563 572 617 636 sed
634 591 670 636 ex
687 573 779 638 verbo
795 573 945 652 ‚‚diceret“
961 572 1094 656 pendere
1109 591 1199 638 namo
1216 594 1277 639 non
1294 574 1385 641 videt.

147 756 150 763 ·
271 733 303 817 b)
327 734 394 798 Iam
410 735 550 818 exempla
569 735 602 799 in
617 735 755 800 modium
771 735 899 818 profero,
922 735 954 799 in
970 735 1084 817 quibus
1100 735 1218 818 „quod‘
1234 736 1386 818 portloula

158 841 355 906 enuntiatum
391 841 606 907 secundarium
640 844 854 920 introducens,
891 843 930 906 ad
960 844 1139 909 correlative
1172 844 1387 928 praecedentia

158 950 286 1031 spectat.
331 949 493 1031 Legimus:
528 949 618 1027 „Ideo
643 951 758 1032 quod‘.
788 949 875 1025 XIII,
893 953 921 1027 3,
940 952 973 1015 l:
1009 951 1105 1029 „Risu
1134 970 1262 1034 prorsus
1292 955 1385 1033 atque

158 1055 231 1120 ludo
254 1075 305 1121 res
329 1057 423 1139 digna
446 1060 503 1135 est,
526 1077 597 1121 cum
612 1058 751 1141 plerique
767 1058 1041 1140 grammaticorum
1057 1059 1241 1124 adseverant
1255 1059 1386 1124 necessi-

157 1163 297 1228 tudinem
313 1167 345 1230 et
359 1166 578 1231 necessitatem
595 1168 716 1230 mutare
731 1167 824 1247 longe
836 1165 1024 1249 differreque,
1039 1167 1107 1234 ideo
1124 1167 1206 1248 qnod
1217 1167 1384 1232 necessitas

120 1349 122 1352 ¹
158 1272 267 1339 sitris
292 1274 456 1356 quaepiam
478 1292 621 1357 promens
645 1275 677 1337 et
700 1279 838 1355 cogens.“
883 1275 993 1339 Porro:
1017 1275 1086 1352 XX,
1107 1277 1134 1352 l,
1152 1276 1202 1339 22.

269 1418 314 1481 lla
336 1436 368 1481 re
392 1418 488 1498 quod:
515 1416 601 1497 XIX,
620 1419 650 1494 8,
670 1418 726 1481 16:
750 1407 862 1495 „Haec
880 1417 1004 1500 quidem
1021 1419 1134 1484 Fronto
1149 1418 1304 1500 requirere
1328 1436 1384 1482 nos

157 1526 250 1590 iussit
264 1525 414 1590 vocabula
429 1544 490 1590 non
514 1544 551 1589 ea
572 1545 614 1604 re,
640 1526 754 1609 opInor,
778 1525 860 1608 quod
881 1525 995 1608 scrIpta
1011 1543 1078 1590 esse
1101 1526 1133 1589 in
1156 1525 1229 1590 uilla
1245 1529 1384 1590 veterum

157 1631 243 1695 libris
274 1632 492 1710 exintumaret,
528 1619 583 1696 sed
613 1635 650 1696 ut
679 1633 766 1696 nobis
791 1633 930 1697 studium
954 1633 1115 1698 lectitandi
1145 1633 1178 1696 in
1201 1632 1384 1714 quaerendis

157 1740 322 1805 rarioribus
344 1741 445 1804 verbis
469 1745 651 1806 exerceret.“

271 1884 385 1947 ldciroo
409 1884 504 1965 quod:
537 1882 578 1960 ΙΙ,
595 1888 626 1962 4,
643 1886 672 1948 5.
718 1882 797 1959 „Sed
821 1882 943 1948 ridetur
973 1886 1078 1947 tamen
1103 1882 1275 1964 significare
1306 1883 1383 1948 velie

157 1991 268 2054 ideirco
297 1990 357 2055 dici
385 1990 622 2067 divinationem,
659 1991 740 2072 quod
770 1992 803 2054 in
831 1990 916 2055 aliis·
931 1990 1054 2072 quidem
1086 1990 1188 2055 causis
1216 1990 1309 2057 iudex
1339 2008 1384 2065 ea,

158 2115 237 2179 quae
270 2097 377 2161 didicit
409 2116 548 2181 quaeque
580 2097 774 2180 argumentis
808 2096 857 2161 val
889 2098 1021 2163 testibus
1055 2097 1267 2163 demonstrata
1299 2100 1382 2178 sunt,

158 2206 245 2287 sequi
268 2206 378 2269 solet.“
1349 2228 1351 2232 ·

209 2342 213 2352 “
272 2331 377 2395 Porro:
402 2330 440 2409 V,
460 2333 509 2410 12,
527 2331 563 2404 63
588 2330 642 2409 vl,
660 2334 689 2411 3,
707 2334 766 2405 253
792 2331 830 2407 X,
848 2333 878 2407 3,
898 2331 952 2405 15;
978 2332 1031 2408 12,
1052 2332 1087 2407 43
1112 2329 1213 2413 XVII,
1231 2333 1260 2408 8,
1279 2331 1329 2394 10.

269 2473 357 2552 Quod
459 2474 586 2539 idcireo:
614 2475 701 2552 ll,7‚
721 2474 777 2538 19:
812 2473 900 2553 Quod
924 2473 1007 2538 onim
1029 2477 1196 2555 utrumque
1217 2474 1250 2537 in
1273 2492 1383 2556 genere

157 2581 223 2662 ipso
255 2600 309 2666 per
340 2600 406 2646 sess
437 2600 538 2663 neque
560 2583 725 2646 honestum
753 2599 853 2662 neque
876 2583 966 2665 turpe
989 2582 1049 2658 ost,
1085 2581 1212 2661 ichrco,
1249 2582 1275 2646 si
1298 2583 1386 2665 pater

157 2688 272 2766 iubeat,
296 2688 529 2770 obsequendum
552 2691 618 2790 est:
1225 2695 1228 2699 ’

188 2882 190 2884 ,
268 2812 377 2877 Porro:
402 2813 425 2890 Ι,
442 2815 495 2894 25,
516 2814 564 2879 16.

270 2956 456 3039 „Propterea
480 2957 593 3038 quod‘:
628 2956 683 3034 XI,
702 2959 731 3032 5,
748 2958 783 3020 8:
819 2955 919 3032 „Cum
947 2957 1025 3020 haec
1053 2959 1159 3020 autem
1188 2955 1387 3021 consimiliter

157 3067 223 3127 tam
246 3062 385 3145 Pyrronii
409 3063 523 3140 dicant,
559 3081 654 3144 quam
672 3061 861 3157 academici,
897 3062 1007 3127 diferre
1030 3065 1137 3127 tamen
1161 3063 1242 3127 inter
1264 3082 1332 3128 sese
1355 3066 1387 3127 ot

158 3172 281 3254 propter
304 3170 363 3234 alia
387 3170 540 3252 quaedam
563 3171 594 3234 et
616 3170 665 3234 vel
688 3169 820 3234 maxime
836 3171 997 3253 propterea
1012 3170 1180 3235 existimati
1196 3172 1280 3247 sunt,
1305 3169 1387 3251 quod

159 3278 334 3342 Academici
358 3277 483 3358 quidem
506 3278 610 3360 ipsum
633 3276 711 3340 illud
735 3277 815 3341 nihil
838 3295 927 3361 posse
951 3276 1169 3359 comprehendi
1193 3276 1282 3358 quasi
1306 3294 1388 3341 com-

159 3385 374 3468 prehendunt“
399 3404 425 3448 e.
442 3404 469 3468 q.
486 3403 510 3448 s.

272 3528 389 3605 ,‚Tanto
413 3527 512 3608 magis
536 3527 654 3609 quod‘:
690 3527 745 3608 XI,
764 3529 816 3603 13,
833 3527 870 3591 4:
906 3524 1021 3591 Cursus
1042 3526 1138 3608 igitur
1164 3510 1221 3589 hie
1238 3530 1270 3590 et
1294 3543 1388 3591 sonus

159 3635 309 3700 rotundae
341 3634 546 3716 volubilisque
583 3635 754 3700 sententIae
792 3634 900 3699 eximie
934 3652 990 3698 nos
1024 3634 1056 3698 ei
1087 3632 1176 3697 unice
1204 3632 1388 3709 delectabat,

159 3746 247 3807 tanto
270 3742 302 3805 id
325 3741 439 3826 magis,
464 3742 546 3824 quod
568 3743 632 3807 iam
654 3745 731 3807 tunc
746 3740 778 3808 O.
795 3741 942 3819 Graccho,
968 3742 1031 3805 viro
1053 3740 1086 3803 ln
1109 3741 1200 3806 lustri
1224 3742 1256 3804 et
1271 3758 1386 3817 severo,

160 3849 309 3914 eiusmodi
341 3849 594 3932 compositionem
625 3868 692 3915 esse
723 3849 805 3915 cordi
836 3849 1025 3915 uidebamus.
1072 3846 1140 3926 „Ob
1169 3866 1239 3912 sam
1262 3865 1389 3912 causam

160 3956 263 4039 quod‘
290 3957 348 4034 Ill,
367 3957 418 4036 19,
436 3957 465 4022 4.

267 4170 305 4250 ΙΙ.
344 4171 393 4252 lle
424 4156 541 4252 modis
570 4190 652 4254 oum
681 4171 821 4271 „quod‘
850 4172 1036 4273 particula
1064 4171 1281 4252 coniunctis.

271 4329 363 4395 Nune
395 4349 583 4413 exponamus
613 4331 790 4408 modorum,
821 4332 876 4413 qui
908 4331 1156 4397 coniunctionem
1188 4329 1313 4412 ‚‚quod“
1342 4346 1390 4392 so·

160 4438 308 4518 quantur,
331 4457 437 4502 usum.
476 4437 538 4516 Qui
555 4456 745 4519 quamquam
760 4439 793 4500 in
817 4439 996 4503 universum
1020 4437 1059 4502 ab
1083 4437 1269 4520 optimorum
1293 4436 1389 4518 scrip·

159 4544 263 4610 torum
290 4544 410 4609 dicendi
437 4545 658 4609 consuetudine
685 4546 770 4609 haud
798 4545 965 4628 discrepat,
997 4549 1103 4609 tamen
1125 4543 1291 4621 nonnulla,
1318 4560 1391 4607 oum
