3068 4996
659 253 872 320 ...31-

153 464 338 548 simplicIter
360 485 426 531 rem
450 468 557 531 norret
580 485 636 531 nec
659 466 773 533 falsam
797 487 925 534 caueam
949 466 1083 551 supponi
1106 485 1195 548 posse
1218 466 1383 535 existimet.

152 572 241 653 Quod
268 573 356 654 licet,
387 573 501 640 rationi
533 593 592 639 non
622 576 793 658 repugnet,
825 577 930 641 tamen
962 573 1056 640 alieni
1079 573 1228 656 quiddam
1256 594 1330 658 pree
1353 594 1384 643 ee

152 679 223 760 fert,
248 681 322 764 quie
336 681 529 764 plerumque,
554 701 626 747 eum
650 701 732 761 ‚,non
749 682 854 765 quie“,
878 701 960 764 „non
978 682 1080 766 quod‘
1104 682 1300 764 adhibemus,
1325 703 1385 749 non

152 787 240 853 abest
263 788 397 871 suspicio
421 788 531 854 falsam
557 807 683 854 causa-m
707 790 869 873 supponi.“
918 790 978 855 Sed
1000 790 1057 856 hoc
1073 808 1148 894 Onon
1171 790 1249 856 satis
1273 809 1384 857 conve·

153 894 274 960 nienter
309 895 468 979 disputare
504 896 584 960 milri
623 896 749 979 quidem
785 897 915 963 uidetur.
974 897 1056 962 Nam
1092 916 1153 962 non
1187 898 1272 963 recte
1306 899 1384 964 dicit

152 999 382 1080 Quintilianum
407 1022 467 1068 non
491 1004 668 1069 existimare
692 1003 803 1070 falsam
836 1023 962 1070 causam
992 1004 1124 1088 supponi
1158 1023 1254 1087 posse.
1301 1005 1382 1071 Nam

152 1108 179 1173 si
202 1127 309 1175 revere
334 1109 525 1191 Quitilianus
549 1112 582 1176 in
605 1112 664 1176 hac
695 1113 838 1196 opinione
869 1112 998 1192 fuisset,
1029 1112 1152 1177 omnino
1185 1131 1246 1177 non
1280 1115 1385 1197 posset

151 1217 329 1301 excogitari,
354 1237 409 1284 cur
431 1218 551 1285 formua
574 1239 654 1300 ,‚non
679 1220 777 1302 quia“
802 1238 878 1284 usus
901 1222 992 1286 esset.
1031 1219 1113 1284 Nam
1138 1221 1383 1305 quotiescunque

150 1323 220 1406 ans
243 1324 322 1390 hanc
345 1325 510 1392 formulam
533 1326 671 1407 adhibet,
695 1327 835 1409 suspicit,
862 1326 974 1392 falsam
998 1347 1124 1393 causam
1147 1327 1250 1394 sinon
1267 1349 1380 1414 suppo-

150 1430 245 1497 sitam
268 1450 334 1498 esse
359 1434 406 1497 vel
430 1434 572 1518 supponi,
596 1434 737 1499 attamen
764 1435 931 1517 aliquando
954 1435 1085 1518 supponi
1110 1454 1206 1518 posse.
1245 1436 1381 1516 Accedit,

150 1538 231 1621 quod
258 1557 294 1604 ex
321 1540 427 1619 modo,
460 1541 512 1625 qui
542 1541 709 1608 formulam
742 1561 824 1620 „non
857 1542 951 1624 quia“
982 1542 1135 1624 sequitur,
1170 1542 1295 1610 omniuo
1324 1564 1383 1611 non

149 1647 254 1729 potest
285 1645 443 1732 intellegi,
472 1650 577 1713 utrum
608 1649 653 1729 is,
684 1648 738 1731 qui
769 1648 927 1731 loquitur,
956 1649 1069 1714 falsum
1098 1669 1225 1715 causam
1256 1652 1385 1735 supponi

150 1772 239 1837 posse
262 1754 419 1821 existImet
439 1775 542 1823 necne.
588 1757 671 1821 Nam
703 1775 739 1822 ex
771 1758 860 1823 modu
891 1757 948 1822 hoc
979 1758 1106 1822 tantum
1137 1758 1244 1843 colligi
1267 1761 1383 1842 potest,

148 1865 256 1928 utrum
277 1863 409 1947 scriptor
432 1882 501 1929 eom
523 1882 599 1943 rem,
623 1883 716 1948 quam
742 1863 872 1931 alicuius
888 1865 934 1929 rei
958 1884 1085 1930 causam
1108 1885 1174 1933 esse
1200 1867 1306 1950 neget,
1332 1888 1386 1951 pe,-

149 1987 182 2035 ee
206 1989 309 2036 ueram
332 1989 398 2036 esse
420 1971 545 2037 censeat
568 1991 678 2049 necne3
707 1991 743 2036 ec
766 1991 804 2038 ne
828 1972 885 2037 hoc
909 1973 1035 2055 quidem
1060 1972 1165 2057 colligi
1194 1976 1298 2057 potest
1321 1978 1383 2044 nisi

149 2077 231 2161 apud
240 2078 478 2162 couscriptores,
487 2080 541 2162 qui
551 2079 861 2161 maximadiligentia
871 2082 965 2162 atque
974 2080 1214 2146 accurationein
1224 2082 1383 2151 scribendo

148 2186 291 2253 utuntur.
314 2187 361 2250 Ex
374 2186 423 2251 his
436 2206 515 2269 quae
529 2185 602 2265 dixi,
617 2205 763 2269 apparere
780 2205 888 2253 censeo
902 2187 1040 2270 aliquam
1052 2187 1205 2253 nationem
1218 2190 1383 2273 scriptores

147 2291 181 2358 in
198 2292 372 2360 indicativo
387 2313 442 2377 pro
459 2294 658 2361 coniunctim
682 2295 860 2378 usurpando
877 2313 943 2360 esee
968 2295 1088 2361 secutos
1105 2296 1286 2379 negandum
1309 2317 1382 2364 esse.

259 2435 484 2503 (loniuncbvue
507 2438 667 2505 invenitur
688 2441 759 2523 post
784 2457 867 2518 „non
890 2457 927 2504 ea
949 2457 982 2503 re
1007 2438 1112 2522 quod‘
1143 2438 1229 2517 XIX,
1260 2441 1289 2519 8,
1326 2441 1381 2504 ld:

149 2545 259 2625 „Haec
274 2544 400 2629 quidem
417 2544 532 2611 Fronto
547 2546 702 2628 requirere
718 2564 773 2611 noe
788 2547 884 2612 iussit
901 2545 1062 2626 vocabula,
1080 2565 1141 2610 non
1158 2564 1195 2611 ea
1205 2565 1248 2626 re,
1266 2547 1383 2630 opinor,

150 2652 232 2734 quod
256 2654 373 2737 scripta
396 2670 463 2718 esee
486 2652 518 2717 in
542 2653 617 2719 ullis
639 2654 781 2720 ueterum
805 2654 895 2719 libris
918 2653 1122 2720 existumaret
1152 2653 1207 2718 sed
1235 2656 1272 2718 ut
1295 2655 1386 2721 nobis

142 2759 291 2825 -etudIum
315 2760 482 2826 lectitandi
505 2761 538 2825 in
563 2762 748 2845 quaerendis
765 2763 933 2828 rarioribus
953 2761 1054 2827 verbis
1078 2762 1262 2827 exerceret.“
1304 2763 1385 2828 Item

152 2866 316 2934 coniuncti
322 2886 377 2933 vus
393 2867 513 2952 legitur
527 2870 599 2951 post
620 2887 703 2948 „non
719 2871 801 2952 quo“
824 2869 881 2948 IX,
908 2870 959 2943 12,
986 2869 1043 2934 14:
1068 2868 1201 2951 „Itaque
1219 2867 1386 2934 Sallustius

149 2972 184 3040 In
199 2973 331 3041 historia
346 2975 449 3058 prima
467 2977 606 3056 „metum
620 2976 780 3060 Pompeii“
794 2976 881 3057 dixit,
899 2994 958 3041 non
972 2995 1032 3060 quo
1045 2975 1213 3059 Pompeius
1225 2979 1386 3053 metueret,

150 3081 232 3164 quod
270 3083 319 3148 est
358 3083 519 3161 usitatius,
559 3084 612 3149 sed
651 3083 733 3167 quod
773 3085 993 3150 metueretur.“
1054 3083 1128 3148 Post
1168 3102 1251 3161 „non
1287 3085 1384 3165 quin“

148 3187 239 3268 XIII,
262 3190 316 3266 21,
339 3191 398 3256 20:
423 3189 473 3256 Sic
488 3190 588 3273 igitur
605 3191 661 3269 „in
685 3191 852 3256 manifesto
872 3191 1025 3274 peccatu“
1043 3189 1132 3266 dixit,
1158 3191 1191 3253 ut
1208 3191 1260 3269 „in
1284 3191 1388 3254 mani-

150 3293 230 3362 festo
252 3294 394 3363 incestu“
420 3298 539 3362 veteres
562 3297 720 3377 dixerunt,
751 3317 811 3363 non
836 3299 910 3381 quin
935 3297 1083 3363 Latinum
1109 3296 1192 3362 esset
1217 3300 1385 3380 ‚‚pecoatu

151 3402 262 3484 dicere,
286 3404 343 3469 eod
367 3405 440 3487 quia
462 3404 496 3468 in
520 3404 588 3469 loco
612 3404 674 3469 isto
696 3405 835 3488 posttum
860 3404 1007 3470 subtilius
1023 3403 1062 3469 ad
1086 3422 1176 3468 aures
1200 3403 1384 3485 molliusque

151 3510 230 3577 esre
277 3509 428 3577 Omnibus
451 3511 501 3575 his
524 3511 598 3577 locis
623 3511 839 3578 coniunctivus
862 3511 930 3576 iure
952 3511 1074 3594 positus
1097 3512 1160 3587 est,
1186 3528 1256 3573 cum
1282 3529 1384 3590 causa,

151 3635 230 3700 quae
254 3617 396 3684 formulis
420 3637 502 3698 „non
527 3619 616 3700 quod,
639 3637 701 3684 non
731 3638 799 3701 quo,
824 3636 883 3683 non
900 3618 995 3700 quin“
1020 3615 1190 3693 inducitur,
1215 3616 1386 3681 averitate

152 3724 330 3792 abhorreat.

263 3867 375 3933 Restat
399 3869 435 3933 ut
458 3867 561 3934 dicam
584 3869 621 3934 de
636 3869 802 3934 enuntIato
818 3888 924 3934 ueram
946 3887 1071 3935 caueam
1087 3870 1279 3946 continente,
1303 3869 1384 3951 quod

152 3973 247 4038 semel
283 3992 337 4057 per
366 3975 438 4052 ..sed
470 3976 576 4058 quie“,
610 3976 659 4042 bis
689 3995 745 4060 per
775 3977 849 4057 „sed
883 3977 1062 4060 quoniam“,
1096 3977 1192 4042 semel
1223 3995 1277 4059 per
1309 3975 1385 4052 ,‚sed

153 4080 265 4162 quod“,
291 4083 384 4146 semel
408 4101 461 4164 per
486 4102 562 4165 „pro
586 4102 620 4149 eo
643 4083 747 4167 quod‘
772 4083 940 4149 inducitur.
988 4083 1072 4163 „Sed
1095 4085 1198 4166 quod‘
1227 4082 1384 4148 codicibus

153 4185 292 4252 traditur
315 4187 373 4254 hoc
397 4188 478 4254 loco:
502 4189 558 4270 IX,
586 4192 637 4269 12,
665 4191 721 4255 14:
745 4190 878 4275 „Itaque
895 4190 1063 4257 Sallustius
1086 4190 1119 4255 in
1135 4190 1267 4256 historia
1283 4189 1384 4273 prime

152 4296 270 4359 metum
294 4295 434 4378 Pompeii
458 4296 545 4374 dixit,
570 4316 629 4362 non
647 4316 708 4380 quo
728 4297 763 4361 P.
783 4298 945 4371 metueret,
969 4297 1021 4363 sed
1037 4297 1117 4380 quod
1141 4298 1383 4377 ,‚metueretur.“

263 4437 413 4504 Hertzius
436 4445 541 4522 ‚,quo“
566 4439 644 4520 legit
668 4458 720 4522 pro
744 4441 876 4522 „quod“,
900 4440 980 4523 quod
999 4438 1181 4506 vocabulum
1203 4457 1238 4503 ex
1262 4441 1383 4522 „quod‘

153 4545 400 4625 praecedente
423 4546 506 4611 male
522 4546 673 4611 iteratum
689 4564 756 4611 esse
776 4548 890 4612 censet.
928 4546 1027 4628 quue
1042 4547 1165 4626 mento,
1182 4564 1257 4612 nam
1279 4550 1383 4630 ‚,quo“
