3068 4996
655 224 863 289 ..21-

143 435 363 502 coniunaivus
379 438 498 519 positus
522 437 569 502 est
586 454 622 500 ex
638 453 746 500 eornm
761 436 955 517 cogitatione,
980 458 999 504 a
1015 439 1128 521 quibus
1145 459 1216 505 oves
1231 439 1375 506 bidentes

127 544 247 609 ‚dictae
271 547 354 609 sunt.
614 546 617 552 ’

175 712 180 721 -
255 667 340 749 XVI,
358 671 410 747 10,
427 670 485 734 13:
503 668 713 754 „(Proletarii)
728 686 791 732 non
807 669 916 751 capitis
934 669 1085 747 censione,
1111 671 1165 735 sed
1185 672 1376 756 prosperiore

144 776 292 841 vocabulo
315 794 334 840 a
355 794 484 840 munere
508 775 668 856 officioque
690 775 783 858 prolis
812 774 946 839 edendae
978 777 1123 858 appellati
1156 779 1248 858 sunt,
1284 779 1375 861 quod,

112 910 114 914 ·
145 902 216 947 cnm
239 903 273 948 re
296 882 440 947 familiari
462 901 559 966 parva
586 883 690 947 minus
716 883 843 965 possent
869 883 1095 966 rempublicam
1122 885 1227 949 iuvare
1261 885 1377 950 subolis
1459 944 1461 949 ,

145 993 252 1055 tamen
268 991 440 1072 gignendae
457 991 543 1074 copia
555 990 714 1054 civitatem
730 987 994 1071 frequentarent.“
1026 990 1247 1057 Coniunctivue
1259 993 1379 1076 positus

147 1097 195 1162 est
217 1115 254 1161 ex
277 1096 419 1179 opinione
443 1115 559 1174 ecrum,
584 1115 602 1160 a
626 1097 739 1179 quibus
763 1096 921 1179 proletarii
944 1098 1095 1163 nominati
1118 1104 1202 1164 sunt.

250 1221 308 1286 His
317 1223 392 1286 locis
402 1221 544 1286 omnibns
555 1221 592 1301 ei,
605 1240 736 1304 quorum
745 1242 781 1287 ex
790 1223 1000 1287 sententiares
1013 1241 1032 1286 a
1044 1224 1188 1306 scriptore
1200 1228 1378 1302 narrantur,

146 1329 329 1394 nominatim
351 1348 414 1394 non
438 1328 590 1409 dicuntur,
617 1328 670 1392 sed
685 1329 787 1394 verbis
803 1330 924 1412 passive
940 1330 1047 1413 positis
1070 1331 1156 1396 velut
1179 1332 1301 1410 „dictus
1318 1335 1374 1408 est,

146 1439 281 1502 iactatus
305 1439 362 1516 est,
387 1437 486 1502 dictae
503 1439 586 1515 sunt,
611 1437 756 1520 appellati
773 1439 868 1501 sunt“
894 1437 982 1518 qnasi
998 1438 1147 1520 implicite
1171 1440 1376 1504 continentur.

257 1563 327 1627 Duc
350 1563 489 1647 exempla
520 1566 698 1642 occurrunt,
734 1563 766 1628 in
802 1563 915 1644 quibus
950 1564 1164 1629 coniunctivus
1187 1567 1233 1628 ita
1255 1565 1376 1647 positus

148 1675 212 1750 est,
236 1673 273 1735 nt
296 1689 333 1735 ex
355 1669 517 1755 modorum
541 1671 678 1752 quadam
701 1664 885 1736 attractione
908 1671 1050 1736 videatur
1078 1672 1277 1757 explicandus
1301 1679 1376 1737 esse.

150 1776 201 1842 Sic
223 1777 308 1854 XVI,
334 1779 363 1855 3,
388 1780 423 1842 2:
457 1797 516 1857 „ac
546 1797 585 1842 ne
610 1778 667 1843 hoc
697 1778 823 1861 quidem
846 1779 981 1858 mirum,
1007 1780 1126 1861 inquit,
1159 1780 1254 1844 videri
1277 1778 1379 1854 debet,

149 1884 244 1967 quod,
282 1904 355 1949 cnm
392 1885 523 1949 antehac
561 1903 682 1968 semper
719 1884 833 1950 edundi
865 1886 959 1950 fuerit
991 1887 1151 1970 adpetens,
1188 1905 1272 1950 nunc
1306 1890 1378 1969 post

148 1994 334 2077 imperatam
356 1993 492 2057 inediam
515 1993 609 2057 tridui
634 1993 733 2057 omnis
758 1993 823 2058 eius
848 1994 993 2076 adpetitio
1016 1994 1148 2076 pristina
1176 1995 1379 2074 elanguerit.“

148 2101 357 2184 Expectemus
384 2101 530 2166 hocloco
558 2101 761 2165 indicativum
791 2101 1004 2183 „relanguit“,
1038 2121 1136 2184 qnum
1160 2103 1320 2166 enuntiato
1345 2121 1381 2165 ex

151 2209 275 2293 „quod‘
299 2227 519 2292 suspensores
543 2211 575 2272 et
595 2208 632 2285 ei,
657 2208 711 2290 qui
728 2207 811 2285 dicit,
835 2211 867 2273 et
883 2211 935 2287 eis,
961 2210 999 2273 ad
1016 2228 1093 2290 quos
1110 2209 1231 2285 dicitur,
1254 2228 1381 2292 prorsus
1421 2257 1423 2261 .

150 2319 340 2397 notansque
356 2314 524 2379 ullomodo
541 2314 636 2380 dubia
652 2315 804 2382 afferatur.
845 2317 1067 2381 Coniunctivus
1091 2317 1224 2394 „fuent‘
1243 2316 1381 2382 Gellium

150 2423 306 2489 induxisse
341 2423 480 2499 videtur,
519 2424 555 2486 ut
593 2424 689 2486 etiam
725 2424 759 2486 in
797 2424 955 2488 enuntiato
998 2443 1035 2487 ex
1073 2424 1194 2505 „quod‘
1233 2441 1382 2506 suspenso

153 2530 382 2595 coniunctivum
406 2531 577 2612 usurparet.
624 2529 661 2593 In
690 2531 747 2594 hoc
776 2529 894 2595 dicendi
925 2550 984 2595 usu
1012 2551 1073 2595 non
1102 2534 1150 2595 est
1178 2531 1260 2613 quod
1287 2529 1382 2595 offen-

153 2637 272 2715 damus,
296 2637 408 2720 quippe
425 2636 477 2718 qui
493 2637 575 2719 apud
591 2637 722 2722 optimos
744 2637 914 2718 scriptores,
937 2639 1089 2720 imprimis
1106 2639 1187 2721 apud
1204 2637 1396 2703 Ciceronem

153 2746 300 2823 occurrat,
318 2746 371 2826 qui
394 2744 497 2809 studio
521 2744 672 2808 sermonis
697 2744 845 2808 concinne
865 2744 1076 2808 conformandi
1098 2745 1249 2827 pellectus
1274 2745 1381 2808 ceteris

153 2854 374 2935 grammaticae
396 2852 519 2932 legibus
542 2852 693 2932 neglectis
709 2851 790 2914 hanc
806 2850 966 2915 modorum
983 2853 1199 2915 attractionem
1217 2852 1249 2914 in
1266 2851 1381 2915 deliciis

153 2961 271 3026 habuit.
318 2960 503 3042 Exemplum
524 2960 574 3035 ci,
608 2958 690 3040 quod
717 2959 807 3023 modo
837 2960 1157 3036 commemoravimus,
1187 2960 1382 3023 simillimum

154 3087 190 3134 ex
212 3067 356 3133 Cicerone
388 3067 475 3131 affert
502 3067 676 3147 Draegerus
707 3067 726 3130 l.
758 3084 782 3130 c.
806 3066 837 3142 I,
867 3087 895 3149 p.
927 3068 1006 3132 293:
1040 3068 1077 3131 de
1105 3086 1168 3149 rep.
1196 3068 1228 3144 l,
1259 3068 1293 3142 6,
1324 3068 1381 3132 ll:

155 3177 305 3255 „maxime
334 3176 392 3240 hoc
422 3175 455 3238 in
482 3176 644 3239 hominum
677 3175 835 3239 doctorum
869 3176 1005 3239 eratione
1036 3175 1113 3238 mihi
1142 3174 1257 3238 mirum
1287 3171 1384 3237 videri

154 3284 243 3360 solet,
267 3283 362 3366 quod,
387 3284 440 3365 qui
464 3282 631 3364 tranquillo
655 3283 734 3345 mari
757 3283 927 3363 gubernare
951 3301 983 3346 se
1013 3284 1126 3362 negent
1154 3299 1260 3363 posse,
1287 3281 1383 3344 iidem

154 3391 194 3456 ad
206 3392 416 3474 gubernacula
432 3409 465 3454 se
482 3409 659 3455 accessuros
676 3391 879 3471 profiteantur
895 3390 1035 3453 excitatis
1051 3389 1191 3452 maximis
1207 3387 1383 3452 fluctibus.“

265 3535 408 3599 Alterum
445 3535 620 3617 exemplum
655 3532 832 3599 Gellianum
867 3534 914 3596 est
946 3532 1021 3606 XX,
1062 3534 1094 3609 1,
1126 3534 1184 3596 22:
1219 3530 1284 3594 Noc
1315 3530 1384 3595 ideo

155 3643 334 3707 contemnas
365 3644 471 3724 legum
502 3642 635 3706 istarum
666 3640 885 3722 antiquitates,
922 3639 1004 3719 quod
1035 3638 1190 3720 plerisque
1225 3637 1290 3719 ipse
1321 3637 1384 3701 iam

154 3749 286 3834 populus
322 3749 481 3815 Romanus
516 3749 562 3812 uti
597 3747 788 3812 desciverit.“
851 3745 955 3809 Etiam
989 3745 1047 3808 hoc
1080 3745 1146 3809 loco
1181 3744 1385 3808 indicativum

154 3858 385 3940 exspectamus,
425 3856 479 3920 sed
518 3855 731 3920 coniunctivus
775 3855 1012 3933 „contemnas“
1054 3850 1191 3917 Gellium
1227 3850 1385 3914 induxisse

155 3963 284 4041 videtur,
307 3968 345 4028 nt
368 3964 463 4029 etiam
487 3965 521 4026 in
543 3963 704 4027 enuntiato
728 3960 909 4027 secundario
934 3960 1169 4025 coniunctivum
1192 3961 1326 4040 poneret.

265 4088 430 4155 Medorum
453 4089 585 4152 mutatio
608 4088 765 4152 invenitur
790 4085 860 4159 XII,
891 4089 920 4164 7,
946 4087 982 4147 4:
1016 4082 1137 4159 „Nemo
1160 4082 1325 4164 quisquam
1349 4099 1386 4143 err

155 4197 494 4262 consiliosententiam
518 4196 650 4260 terrain
679 4213 772 4258 causa
804 4199 870 4257 tarn
901 4191 1027 4273 ancipiti
1060 4190 1208 4265 audebat,
1241 4188 1322 4269 quod
1355 4191 1387 4250 et

155 4305 331 4383 confessum
360 4305 559 4381 veneficium,
595 4322 656 4384 quo
691 4302 822 4365 maritus
857 4301 888 4363 et
918 4298 1001 4361 filius
1037 4297 1140 4361 necati
1171 4295 1289 4373 forent,
1324 4313 1386 4357 non

154 4410 382 4478 admittendum
405 4412 582 4495 inpunitum
608 4409 772 4473 videbatur
791 4410 822 4472 et
839 4407 932 4489 digna
953 4409 1059 4470 tamen
1082 4421 1179 4487 poena
1195 4405 1227 4465 in
1242 4400 1384 4466 homines

155 4519 320 4586 sceleratos
343 4520 532 4599 vindicatum
556 4518 698 4586 fuisset.“
