3068 4996
658 213 973 361 (ιε-394,

212 520 223 559 ς
263 485 291 555 2.
327 482 420 555 Nunc
442 508 492 556 eos
514 489 598 555 locos
621 508 910 571 commemoremus,
938 491 993 559 ubl
1026 491 1191 575 „quando‘.‘
1221 484 1377 577 particula

152 597 307 666 causalem
332 595 595 681 significationem
618 595 725 663 babet.
823 654 824 659 ,
959 635 960 638 =

134 746 137 753 “
261 739 570 825 ,,ίὶιιῖιηᾶοᾳυί(1ὸιη“4
590 742 640 807 vel
665 736 913 824 '„quandoque‘*‘¹
935 719 1017 825 apud
1048 741 1189 809 Gellium
1223 761 1380 826 nusquam

150 847 276 932 legitur.
314 848 347 914 F.
373 851 409 913 A.
429 847 551 914 Wollfii
576 849 613 914 de
638 849 804 932 „quaudo“
827 849 999 934 particulae
1024 850 1056 916 ri
1077 869 1115 916 ac
1139 850 1260 918 ratione
1282 869 1380 916 anuo·

150 956 301 1022 tationem
324 947 387 1019 iam'
411 958 506 1038 supra
530 956 668 1040 ascripsi.
715 956 783 1036 Qua
806 957 1008 1042 annotatione
1036 977 1223 1043 quamquam
1255 949 1381 1042 prorsus

151 1064 234 1128 recte
255 1059 405 1130 ‚Wolifius
428 1062 605 1146 explicavit,
630 1064 683 1147 qui
706 1064 827 1130 factum
858 1067 916 1146 sit,
949 1069 984 1131 ut
1016 1068 1182 1148 „quaudo“
1214 1067 1381 1150 particula,

151 1170 237 1236 cuius
259 1170 409 1252 primaria
433 1169 479 1236 ris
503 1171 536 1236 et
559 1172 748 1256 temporalis,
774 1173 932 1238 causalem
955 1174 1019 1238 vim
1040 1173 1199 1251 indueret,
1219 1176 1324 1240 tamen
1348 1175 1381 1238 in

151 1295 320 1361 perpaucos
336 1278 557 1343 tautummodo
574 1278 672 1344 totius
687 1280 859 1347 latinitatis
876 1281 959 1346 locos
971 1281 1047 1347 haec
1059 1281 1225 1364 explicatio
1237 1283 1380 1365 quadrat,

151 1385 182 1449 iu
206 1384 360 1467 plerisque
385 1385 466 1450 euim
491 1386 638 1470 exemplis
660 1386 834 1470 particulae
858 1389 905 1453 ris
928 1408 964 1454 ea
987 1391 1044 1468 est,
1068 1389 1105 1454 nt
1120 1389 1269 1472 temporis
1284 1389 1384 1475 sigui·

151 1491 257 1558 ficatio
292 1491 420 1558 minime
451 1495 610 1575 appareat.
657 1493 701 1561 Ut
738 1514 800 1560 uon
832 1495 934 1561 dicam
963 1498 1001 1562 de
1033 1497 1144 1562 ceteris
1177 1497 1382 1580 scriptoribus

152 1637 194 1650 -
208 1597 290 1683 quod
306 1600 424 1666 attinet
436 1600 475 1666 ad
489 1599 674 1668 Suetonium
690 1601 748 1668 boc
761 1603 909 1685 exemplis
921 1603 1135 1686 comprobavit
1148 1605 1381 1669 Traohmannus

151 1706 173 1771 l.
206 1726 230 1771 c.
263 1727 289 1790 p.
321 1709 362 1771 36
395 1744 436 1754 -
467 1708 549 1791 apud
582 1706 718 1773 Gellium
744 1710 868 1775 nullum
900 1711 1001 1777 exstat
1031 1711 1224 1795 exemplum,
1254 1710 1287 1774 in
1322 1729 1382 1794 qno

151 1813 299 1897 temporis
323 1813 512 1897 significatio
535 1815 643 1895 lateat,
669 1816 723 1883 sed
746 1817 779 1881 iu
803 1817 945 1884 omnibus
969 1817 1016 1883 vis
1032 1818 1205 1901 particulae
1228 1821 1275 1884 est
1298 1837 1381 1884 mere

153 1920 298 1986 causalis„

263 2064 421 2149 Reisigius
451 2065 488 2130 de
518 2065 612 2130 buius
643 2067 818 2150 particulae
850 2067 1081 2151 significatione
1112 2068 1187 2133 haec
1213 2069 1381 2152 disputat:

153 2170 300 2252 „Quando
324 2172 436 2237 driclrt
458 2193 518 2240 nur
534 2175 600 2249 eust
617 2174 714 2240 durch
731 2176 821 2241 einen
839 2175 1055 2268 Syllogismus,
1083 2176 1138 2240 wie
1162 2174 1188 2241 si
1215 2175 1276 2240 und
1295 2194 1381 2256 cum,

153 2279 245 2346 einen
277 2278 392 2349 Graud¹
417 2283 495 2345 aus“
519 2280 694 2366 (llorlcsgg.
724 2287 754 2347 ri.
785 2283 833 2347 lat
856 2282 927 2366 Spu
947 2283 994 2349 Ill
1025 2303 1054 2365 p.
1079 2287 1171 2365 aab„
1204 2282 1296 2366 idque
1326 2302 1382 2349 suo

152 2387 219 2453 inre
242 2388 410 2467 contendit,
435 2407 508 2453 nam
534 2389 701 2470 „quando“
727 2391 882 2472 particula
897 2390 1081 2474 plerumque
1097 2391 1229 2473 logicam
1255 2410 1383 2458 cansam

153 2494 313 2580 siguificat
344 2494 404 2561 etsi
434 2495 527 2560 facile
558 2497 690 2564 concedo
721 2497 803 2580 apud
832 2497 947 2564 multos
980 2499 1143 2581 scriptores
1176 2497 1381 2582 originariam

152 2602 328 2686 particulae
351 2602 611 2686 significationem
637 2605 760 2689 saepius
783 2605 978 2696 obscuratam
1002 2624 1075 2671 esse.
1121 2603 1189 2687 Qua
1221 2606 1259 2669 de
1288 2623 1383 2671 causa

153 2709 358 2793 improbanda
381 2712 429 2781 cst
451 2711 615 2776 Ribbeokii
645 2713 817 2791 mutantia,
850 2713 903 2794 qui
931 2713 990 2777 hoc
1020 2711 1111 2778 dicit:
1140 2709 1210 2776 weil
1241 2712 1382 2776 esancb

154 2817 213 2881 den
236 2816 347 2885 Grund
363 2836 421 2882 nur
435 2818 482 2882 als
499 2818 550 2888 eiu
566 2818 728 2904 zertliohes
744 2819 885 2887 Momeut
900 2819 1073 2885 ausserlioh
1088 2817 1253 2884 biustellt“
1267 2836 1296 2882 e.
1315 2838 1342 2901 q.
1359 2839 1382 2882 s.

154 2923 316 3007 (Beilrage
338 2943 394 2989 zur
410 2924 508 2991 Lehre
534 2944 592 2991 rou
617 2925 676 2990 deu
699 2924 906 2992 lateinischeu
923 2923 1083 2990 Partilrelu
1099 2944 1127 3008 p.
1146 2925 1212 3008 49.)
1250 2924 1383 3008 Reisigii

155 3032 315 3098 annotatio
338 3032 432 3098 etiam
457 3051 476 3096 a
501 3032 665 3118 Draegero,
691 3031 875 3114 Schmaluic,
900 3031 972 3096 aliis
996 3051 1119 3126 prorsus
1147 3032 1293 3116 neglecta
1326 3035 1381 3097 est.

155 3137 223 3202 Hac
246 3138 278 3202 iu
302 3157 335 3203 re
359 3139 527 3222 „quaudo“
559 3159 629 3204 cum
656 3143 792 3224 „qu⁰m“
816 3139 970 3223 particula
999 3141 1163 3218 convenit,
1190 3158 1208 3204 a
1236 3158 1298 3221 qua
1325 3138 1383 3204 hac

153 3262 187 3308 re
216 3245 338 3325 differt,
371 3245 453 3327 quod
483 3246 663 3334 plerumque
694 3266 819 3313 causam
849 3246 954 3325 affert,
987 3265 1064 3330 quae
1095 3266 1156 3312 uon
1187 3246 1221 3310 in
1252 3246 1321 3329 ipsa
1351 3265 1383 3310 re

154 3353 255 3433 posita
277 3355 334 3430 est,
360 3353 414 3418 sed
438 3373 474 3418 er
498 3352 699 3418 exterioribus
723 3355 816 3417 rebus
840 3352 913 3435 (den
936 3352 1158 3435 begleiteudeu
1175 3352 1383 3442 Umsttudeu)

154 3459 315 3547 repetitur.
361 3458 411 3524 Ita
433 3459 471 3527 fit
494 3461 531 3524 ut
554 3459 676 3544 saepius
701 3479 825 3525 causam
849 3459 969 3554 legenti
997 3460 1073 3525 satis
1104 3463 1210 3526 notam
1240 3461 1382 3537 inducat,

155 3584 249 3647 qnam
266 3566 528 3651 significationem
540 3587 610 3633 cnm
629 3567 818 3651 „quoniam“
837 3565 1055 3648 coniunctione
1069 3586 1263 3634 communem
1277 3568 1381 3634 habet.

155 3672 302 3739 Ceterum
322 3693 394 3742 cnm
410 3675 540 3758 Reisigii
558 3675 760 3758 explicatione
776 3694 812 3739 ea
827 3693 877 3738 res
890 3693 950 3739 nou
966 3678 1097 3758 pugnat,
1123 3674 1202 3758 quod
1225 3676 1382 3741 interdum

154 3781 333 3860 „moralis“,
361 3783 398 3847 ut
427 3782 475 3846 ita
499 3782 616 3860 dicam,
640 3801 733 3848 causa
755 3784 860 3847 nostra
885 3781 1039 3864 particula
1061 3781 1272 3864 significatur,
1302 3801 1383 3859 uam,

154 3891 307 3972 utsupra
331 3889 403 3970 diri,
429 3890 600 3968 ,‚moralis“
624 3909 720 3956 causa
743 3889 886 3973 intellegi
909 3889 1015 3973 potest
1039 3890 1170 3973 logica..

265 4032 358 4117 Apud
389 4033 526 4100 Gallium
556 4033 721 4119 „ananam
751 4032 906 4116 particula
935 4034 1084 4123 quattuor
1115 4030 1189 4098 locis
1218 4031 1384 4098 causaliter

154 4141 306 4222 usurpata
337 4142 395 4205 est.
449 4140 551 4224 Atque
583 4159 644 4205 uno
676 4141 803 4223 quidem
832 4139 900 4206 loco
936 4140 1102 4223 „quaudo“
1133 4138 1262 4222 perinde
1292 4139 1384 4221 atque

155 4249 270 4327 „oum“
304 4245 439 4331 logicam
471 4248 796 4330 causamsiguificat:
833 4248 897 4326 lX,
927 4249 961 4325 9,
990 4250 1029 4312 16
1055 4267 1115 4330 sq:
1150 4247 1293 4330 „praeter
1323 4245 1383 4310 ista

155 4353 260 4420 omnia
289 4352 396 4421 dorem
426 4354 524 4437 ipsius
554 4355 653 4421 totius
684 4354 745 4420 loci
776 4353 948 4440 Vergilium
981 4354 1080 4420 videri
1112 4354 1267 4430 omisisse,
1303 4354 1383 4435 quod

155 4457 238 4524 hano
261 4458 388 4526 Homeri
417 4478 539 4526 versum
569 4460 677 4543 origne
706 4459 831 4525 secutus
862 4459 918 4525 sit:
954 4454 1034 4524 Ῥεῖα
1057 4461 1122 4546 depr
1144 4463 1238 4546 quaeq
1260 4458 1384 4536 πέλεται,

153 4567 244 4631 καλαὶ
267 4566 300 4632 δὲ
321 4590 351 4631 τε
374 4579 474 4644 πᾶσαι,
505 4568 628 4650 quaudo
659 4567 745 4633 nulla
769 4566 867 4633 maior
888 4566 1135 4652 cumulatiorque
1164 4566 1383 4653 pulcritudinis
