3068 4996
657 244 870 316 ..29⁶

148 481 332 549 suspensum
356 483 421 530 rem
444 463 563 530 certam
586 465 617 532 et
642 463 784 531 omnibus
807 464 885 529 satis
905 463 1014 529 notam
1033 461 1203 540 contineat,
1230 459 1375 528 indicati-

149 591 224 636 vum
256 571 407 656 aptiorem
441 589 506 637 esse
541 571 603 636 rati
634 572 863 638 coniunctivnm
898 570 989 635 libris
1024 569 1178 635 traditum
1213 569 1377 635 sustulisse

150 679 304 744 videntur.
349 678 444 744 Miror
468 678 631 744 Hertnium
655 679 687 742 in
711 679 910 746 annotatione
933 676 1080 742 ad‘hunc
1103 677 1209 742 locum
1234 677 1265 742 et
1287 676 1377 742 Mad-

152 785 272 869 vigium
305 785 337 850 in
374 785 561 851 adversariis
595 786 712 853 oriiiois
740 787 772 851 ll
801 807 828 870 p.
859 786 922 850 590
959 784 1166 863 ‚‚videbatur“
1201 803 1377 868 proponere.

150 893 235 959 Nam
251 912 438 978 quamquam
460 893 491 957 in
508 894 670 960 enuntiato
685 894 833 977 primario
848 891 1022 976 perfeetum
1039 892 1224 957 historicum
1240 892 1379 975 positum

152 1003 216 1078 esi,
251 1019 397 1084 praesens
432 1001 463 1065 in
499 1001 663 1068 enuntiato
699 1002 884 1067 secundario
918 1000 1054 1082 positum
1090 999 1168 1064 nihil
1203 999 1379 1065 offensionis

152 1109 265 1187 habet,
290 1127 361 1174 curn
385 1127 492 1188 eausa,
521 1129 598 1192 quae
622 1109 784 1176 enuntiato
809 1108 987 1174 secundario
1011 1108 1202 1182 continetur,
1237 1107 1380 1173 omnibus

151 1216 342 1300 temporibus
369 1220 437 1282 rata
461 1215 512 1284 sit.
558 1216 693 1300 Tempus
717 1217 817 1300 igitur
843 1215 995 1281 traditum
1024 1234 1078 1279 our
1108 1214 1295 1278 mutandum
1326 1213 1378 1294 sit,

152 1344 215 1393 non
240 1324 343 1404 video,
377 1344 413 1391 ac
443 1344 482 1390 ne
509 1324 541 1389 in
566 1325 655 1389 modo
678 1324 803 1407 quidem
834 1325 900 1401 est,
936 1323 1017 1406 quod
1049 1322 1251 1388 offendamus.
1297 1321 1380 1386 Nam

153 1432 256 1497 multa
290 1433 455 1499 enuntiata
489 1431 626 1498 causalia
661 1433 743 1516 apud
780 1431 921 1500 Gellium
956 1431 1163 1509 inveniuntur,
1199 1431 1232 1494 in
1267 1429 1380 1511 quibus

154 1539 371 1605 coniunctivns
403 1558 439 1604 ex
469 1540 611 1622 opinione
643 1559 766 1618 eornm,
803 1539 978 1621 dequibus
1006 1538 1134 1617 dicitur,
1169 1539 1288 1620 positus
1322 1540 1380 1616 est,

154 1665 340 1729 quamquam
363 1646 549 1712 indicatium
573 1649 784 1729 expectamus,
809 1665 878 1712 oum
897 1646 1059 1713 enuntiato
1083 1645 1202 1711 causali
1224 1664 1273 1710 res
1296 1646 1381 1710 oerta

154 1753 186 1818 et
209 1754 351 1819 omnibns
375 1754 450 1819 satis
480 1755 554 1819 nota
577 1755 782 1823 contineatur.
828 1754 901 1818 Huo
925 1754 1060 1831 accedit,
1097 1753 1193 1835 qnod,
1228 1752 1380 1835 quomodo

154 1878 190 1926 ex
212 1859 369 1944 scriptura
392 1861 575 1943 ,‚videalur“
597 1862 692 1927 lectio
708 1862 874 1940 ‚,sidetu1·‘⁸
899 1862 1040 1939 ortasii,
1064 1859 1155 1925 facile
1172 1859 1381 1943 intellegitur,

155 1968 260 2062 multo
272 1967 428 2034 difficilius
444 1969 591 2052 explicari
606 1970 719 2053 potest,
745 1969 895 2052 quomodo
912 1970 989 2034 haeo
1005 1968 1098 2034 lectio
1115 1987 1150 2032 en
1174 1966 1381 2045 ‚‚videbatnr“

155 2076 225 2140 orta
248 2075 300 2140 sit.

204 2304 206 2309 .
267 2219 438 2303 Aliquanto
469 2220 654 2287 insolentius
682 2221 899 2286 coniunctivus
929 2219 1047 2303 positus
1078 2220 1124 2285 est
1151 2219 1237 2296 XVI,
1260 2221 1311 2300 10,
1334 2221 1384 2297 11,

156 2343 226 2390 cum
256 2325 294 2406 ii,
330 2346 460 2410 quornm
484 2347 521 2393 ex
543 2328 685 2411 opinione
708 2326 925 2394 coniunctione
948 2325 1068 2410 positus
1100 2330 1165 2407 est,
1198 2346 1260 2393 non
1285 2327 1384 2392 nomi-

156 2432 256 2498 natim
281 2437 571 2513 commemorentur,
595 2435 647 2501 sed
671 2435 825 2518 implicite
846 2434 1061 2500 tantummodo
1084 2433 1117 2498 in
1141 2433 1232 2499 verbo
1251 2434 1385 2513 „seribe-

157 2542 291 2607 bantur“
327 2543 556 2609 contineantur.
619 2543 734 2609 Locum
771 2543 822 2608 hio
857 2542 1029 2626 subiungo:
1070 2559 1189 2623 „neque
1224 2540 1387 2624 proletarii

157 2666 254 2731 neque
278 2649 381 2733 capite
404 2650 489 2715 oensi
512 2650 640 2731 milites,
677 2650 737 2715 nisi
770 2651 802 2714 in
831 2649 968 2715 tumulto
1000 2648 1134 2714 maximo
1159 2648 1387 2726 scribebantur,

159 2756 231 2838 quia
256 2756 378 2821 familia
402 2758 592 2842 pecuniaque
615 2757 664 2822 his
689 2760 744 2824 ant
767 2758 872 2823 tennis
897 2759 952 2822 ant
974 2756 1065 2821 nulla
1088 2758 1201 2821 esset.u

417 2987 449 3055 3.
479 2985 560 3055 Non
583 2986 673 3076 quia
697 2988 781 3066 (non
804 2984 921 3075 quod),
942 3003 1012 3054 non
1035 2984 1129 3075 quin.

273 3113 442 3179 Videamus
465 3133 555 3192 nuno,
581 3114 635 3196 qui
659 3114 703 3179 sit
727 3133 808 3193 „non
833 3113 924 3197 quia“
949 3113 1101 3179 formulae
1125 3132 1199 3177 usus
1217 3111 1388 3177 Gellianus.

162 3218 197 3284 ln
220 3219 398 3286 universnm
414 3220 577 3286 dicendum
603 3223 652 3285 est
677 3241 758 3301 „nou
774 3222 887 3304 quod“,
912 3220 993 3303 qnod
1013 3220 1095 3304 apud
1111 3221 1272 3303 plerosque
1291 3217 1387 3301 scrip-

160 3328 243 3394 tores
266 3328 507 3393 usitatissimum
531 3329 595 3406 ost,
632 3329 682 3393 vel
707 3348 786 3407 „uon
811 3329 979 3411 quoniam‘
1004 3328 1129 3394 omnino
1157 3345 1217 3392 non
1249 3324 1387 3390 inveniri.

161 3435 230 3501 Uno
261 3436 329 3501 looo
363 3435 485 3501 obvium
515 3438 563 3501 est
585 3455 662 3513 „non
688 3454 724 3500 ea
746 3454 779 3500 re
802 3435 899 3520 qnod:
930 3436 1016 3513 XIX,
1035 3437 1064 3512 8,
1084 3437 1135 3498 16.
1182 3424 1283 3512 ,,Νοη’
1298 3423 1408 3515 quo“‚'

162 3542 244 3624 quod
268 3543 349 3625 apud
365 3542 543 3610 Ciceronem
567 3543 809 3608 usitatissimum
833 3543 890 3621 est,
915 3542 1036 3626 legitur
1052 3542 1163 3606 semel:
1187 3541 1244 3618 IX,
1267 3542 1318 3618 12,
1337 3542 1387 3605 14.

162 3648 251 3727 „Non
276 3648 369 3732 quia“
401 3649 449 3715 bis
476 3650 611 3734 legitur;
647 3649 743 3715 semel
777 3667 859 3730 „non
883 3647 1011 3731 proinde
1039 3649 1140 3730 quia“.
1187 3647 1278 3726 „Non
1307 3648 1389 3730 quod

164 3761 255 3833 non“,
291 3776 373 3838 „non
397 3757 472 3839 quia
494 3761 586 3846 non“,
621 3777 701 3836 „non
727 3776 786 3840 qno
810 3761 891 3822 non“
920 3755 1045 3821 omnino
1080 3775 1140 3821 non
1175 3755 1389 3834 inveniuntur,

163 3863 258 3930 semol
283 3883 364 3945 „non
389 3866 483 3948 quin“
507 3859 632 3949 legitur.

274 4008 402 4091 Legem,
427 4027 488 4091 qua
504 4027 578 4072 usus
594 4008 754 4074 modorum
771 4006 802 4072 in
818 4007 868 4072 his
883 4005 1110 4072 elocutionibus
1126 4005 1256 4088 regitur,
1277 4006 1391 4088 optime

165 4115 331 4181 constituit
354 4115 501 4180 Reussius
525 4115 544 4178 l.
566 4134 589 4180 o.
607 4135 636 4198 p.
659 4117 721 4180 14:
757 4113 809 4192 „Si
839 4115 924 4178 enim
952 4113 1058 4195 aliqua
1087 4131 1147 4188 res,
1179 4131 1256 4194 quae
1279 4131 1335 4194 per
1359 4132 1391 4176 se

165 4221 251 4287 iusta
274 4240 311 4287 ac
335 4241 404 4287 vera
433 4221 484 4286 vel
513 4221 559 4285 est
587 4221 637 4286 vol
666 4223 748 4288 certe
779 4221 925 4300 habetur,
961 4238 1056 4284 eausa
1090 4217 1221 4283 alicuius
1251 4219 1294 4283 rei
1326 4237 1391 4283 esse

166 4329 315 4412 negatur,
348 4328 537 4394 indicativus
561 4327 695 4410 (scilieet
718 4328 847 4410 excepta
870 4326 1010 4392 oratione
1034 4324 1184 4407 obliqua),
1216 4325 1264 4389 sin
1289 4327 1392 4390 autem

167 4436 289 4520 aliquid
308 4436 433 4502 tantum
456 4433 588 4518 cogitati
612 4435 643 4499 et
667 4434 757 4517 quasi
780 4453 834 4516 per
857 4433 1067 4499 coniecturam
1091 4430 1221 4509 inventi,
1247 4432 1392 4497 coniano-

166 4543 252 4610 tisne
274 4542 467 4609 adhibendus
490 4545 569 4607 est.“
