3068 4996
656 273 869 338 ...13-

147 485 206 568 est,
232 488 285 552 sed
309 487 506 553 substantiva
533 506 570 552 er
598 488 823 572 praepositione
853 491 932 567 „ex“
965 491 1044 572 apta.
1093 488 1156 553 Suo
1185 490 1290 554 antem
1313 483 1379 554 inre

150 594 271 660 Gellius
298 614 359 660 nou
391 597 470 674 „ut“
499 594 616 678 posuit,
649 597 703 662 sed
735 595 876 678 „quod“,
909 614 981 660 oum
1011 596 1073 660 hoc
1092 598 1160 661 Iooo
1189 615 1252 662 non
1275 600 1380 662 narret

149 686 409 784 aliquid'factum
432 720 514 779 esse,
544 703 598 767 sed
623 703 660 767 de
683 721 732 783 eo,
764 702 845 784 quod
873 702 1067 795 factumest
1094 704 1142 768 vel
1170 702 1236 768 fieri
1267 706 1378 788 potest,

154 810 227 892 quid
251 809 376 888 sentiat,
399 809 523 876 indicet.

123 977 129 986 ‘
258 963 327 1027 Hae
341 963 459 1027 ratione
475 964 560 1028 verbi
578 963 696 1041 ,‚Iacio“
714 962 891 1047 usurpandi,
907 964 967 1028 nisi
982 963 1080 1043 fallor,
1098 963 1218 1029 Gellius
1233 965 1379 1055 inductus

150 1072 244 1134 etiam
268 1070 459 1135 adverbum
484 1071 644 1154 „opInari“
670 1089 741 1134 uum
765 1070 910 1135 adverbio
933 1071 1134 1137 coniunctum
1158 1071 1283 1153 „quod‘
1308 1091 1379 1154 par-

150 1178 277 1269 ticulam
302 1177 456 1245 adiunxit:
481 1176 568 1258 XIII,
594 1178 624 1257 8,
652 1182 685 1241 1:
711 1177 850 1258 „EximIe
874 1178 932 1243 hoo
948 1181 1041 1260 atque
1056 1179 1215 1244 verissime
1231 1179 1379 1245 Afranius

148 1286 239 1368 poeta
262 1284 299 1349 do
322 1285 477 1367 gignenda
499 1282 764 1370 comparandaque
780 1285 931 1369 sapientia
954 1286 1097 1368 opiuatus
1121 1288 1179 1365 est,
1205 1286 1286 1368 quod
1311 1305 1380 1354 eam

22 1421 25 1426 ·
139 1381 245 1456 'fidam
271 1410 337 1456 esse
353 1392 439 1458 Usus
458 1395 488 1456 et
505 1393 673 1458 Memoriae
697 1393 805 1458 dixit.“
846 1391 964 1458 Gellius
987 1392 1114 1470 iudIcat,
1139 1393 1214 1476 quid
1238 1394 1274 1458 de
1299 1394 1380 1459 dicto

150 1499 283 1582 quodam
307 1500 425 1564 Afranii
449 1501 570 1566 sentiat.
608 1501 652 1566 Ila
675 1519 708 1564 re
731 1500 813 1582 quod
836 1519 904 1584 pro:
934 1501 1015 1580 „hoc
1038 1502 1147 1566 eximie
1169 1501 1263 1567 fecit‘
1288 1501 1377 1566 dixit:

149 1608 229 1696 „hoe
265 1606 374 1673 eximie
409 1607 551 1691 opinatus
574 1611 667 1701 est,“
702 1627 771 1673 eam
806 1627 888 1686 rem,
929 1607 966 1672 de
1005 1628 1067 1690 qua
1104 1609 1252 1675 iudicium
1287 1629 1380 1676 suum

153 1717 351 1801 pronuntiat,
388 1716 560 1780 accuratius
596 1714 717 1780 definit:
756 1718 804 1780 est
838 1717 919 1781 enlm
954 1735 1014 1781 uon
1053 1716 1175 1783 lacinus
1214 1716 1379 1802 quoddam,

153 1825 207 1888 sed
230 1823 339 1906 opimo,

261 1994 294 2076 g)
315 1994 492 2064 ¹Particulae
524 1994 648 2076 „quod‘
677 1995 748 2077 post
778 1995 872 2058 verba
894 1994 1047 2058 sentiendi
1070 1997 1101 2059 et
1124 1994 1302 2059 declarandi
1325 2014 1380 2079 pro

149 2101 301 2166 infinitivo
321 2120 392 2165 oum
417 2101 590 2166 accusativo
618 2102 735 2185 positae
757 2102 892 2186 primum
916 2101 1090 2184 exemplum
1120 2121 1138 2165 a
1160 2101 1381 2167 recentioribus

149 2209 360 2290 grammaticis
382 2210 571 2274 memoratur
593 2208 696 2273 Plaut.
721 2209 807 2274 Asin.
854 2209 877 2288 l,
908 2213 932 2286 l,
959 2211 1017 2273 37:
1043 2208 1208 2292 „equidem
1232 2209 1295 2274 scio
1317 2210 1381 2273 iam

148 2315 234 2380 filius
258 2315 339 2397 quod
363 2317 447 2381 amet
461 2320 581 2380 meus.“
620 2315 713 2379 Hunc
736 2317 839 2380 Iocum
861 2316 975 2380 iniuria
996 2316 1058 2380 hue
1081 2317 1214 2380 revocari
1237 2334 1293 2380 suo
1315 2317 1382 2408 lure

150 2422 307 2487 contendit
330 2422 471 2488 Blassius
495 2423 587 2506 (Mus.
603 2422 742 2487 Rhenan.
771 2424 853 2487 1882
876 2441 944 2505 pag.
964 2425 1057 2505 15l);
1083 2424 1165 2505 qnod
1187 2441 1265 2501 vero,
1287 2422 1381 2488 dicit:

150 2530 243 2594 somit
273 2529 342 2594 siud
373 2530 422 2594 die
452 2530 595 2610 Aulauge
626 2529 679 2593 des
699 2530 834 2610 ·„qu0d‘⁴
867 2531 945 2594 stati
977 2533 1051 2594 Auo.
1083 2549 1108 2594 c.
1140 2529 1278 2596 ini..um
1313 2531 1380 2594 eine

152 2637 373 2719 betriehtllche
396 2636 465 2701 neit
487 2637 762 2712 herabznrnelren,“
785 2637 813 2701 ei
836 2654 898 2700 non
922 2638 1081 2702 assentior.
1123 2636 1206 2700 Nom
1230 2637 1280 2700 hle
1303 2655 1380 2701 usus

151 2743 272 2808 obulum
296 2746 348 2808 est
372 2743 455 2827 apud
479 2741 628 2809 Catonem
653 2744 705 2822 77,
738 2747 764 2818 I,
794 2743 838 2808 J.:
873 2743 996 2821 „dicem
1020 2743 1057 2807 de
1080 2743 1149 2806 Istis
1173 2741 1300 2807 GraecIs
1325 2762 1381 2807 suo

150 2852 231 2930 loco,
260 2844 362 2916 Marce
384 2847 443 2928 fili,
473 2851 547 2933 quid
570 2852 699 2915 Athenis
724 2849 912 2932 exquisitum
943 2850 1074 2915 habeam
1099 2854 1130 2914 et
1161 2851 1241 2932 quod
1265 2850 1382 2914 bouum

152 2958 192 3023 sit
213 2959 336 3023 illorum
358 2960 478 3025 litteras
500 2950 663 3043 inspicere,
696 2977 757 3024 non
781 2958 966 3041 perdiscere,
997 2958 1152 3022 vineam·“
1199 2957 1289 3036 Quod
1310 2977 1381 3022 vero

151 3066 324 3149 Draegerus
348 3068 369 3132 1.
387 3087 411 3132 c.
429 3067 468 3134 II.
491 3085 561 3150 pag.
587 3068 650 3130 223
676 3071 782 3131 censet
806 3065 931 3147 „quod‘
959 3083 1026 3130 esse
1050 3052 1228 3129 adverbium
1251 3066 1381 3129 iuterro-

151 3175 289 3257 gatlvum
321 3194 376 3257 pro
406 3175 516 3256 ,quid‘
546 3175 699 3257 positum,
728 3175 756 3237 ei
783 3193 846 3238 non
874 3172 1059 3254 adstipnlor,
1092 3172 1145 3236 sed
1177 3173 1279 3254 potius
1310 3191 1383 3236 oum

152 3283 401 3346 Zimmermanno
424 3281 515 3361 facio,
542 3283 595 3364 qni
622 3282 642 3343 l.
666 3300 691 3345 c.
714 3299 785 3362 pag.
811 3282 830 3344 6
854 3280 941 3343 dicit:
972 3299 1068 3357 „man
1097 3280 1177 3344 sieht
1204 3279 1292 3343 nicht
1319 3279 1381 3369 eiu,

152 3408 214 3453 uas
231 3389 307 3454 Cato
331 3389 387 3453 hat
410 3391 489 3453 dazn
512 3390 658 3468 bewegen
680 3389 812 3462 konnen,
838 3387 893 3451 das
916 3389 959 3450 im
984 3388 1269 3452 substantivischeu
1287 3386 1382 3450 Sinna

154 3496 431 3579 ungebrauohliche
455 3496 579 3580 „quod‘
604 3497 671 3559 hier
685 3515 723 3558 zu
739 3495 853 3573 setzen,
877 3494 1021 3558 wahrend
1036 3513 1069 3559 er
1085 3494 1162 3558 doch
1178 3495 1384 3557 uumittelbar

152 3606 261 3668 vorher
292 3603 348 3668 das
378 3605 506 3684 slehtige
539 3602 655 3684 „quid‘
686 3601 886 3683 gebraucht.“
936 3600 1023 3679 Quod
1056 3602 1161 3664 antem
1193 3600 1381 3665 Paetuoltius

154 3710 315 3793 (Philolog.
347 3711 539 3776 Rundsohau
570 3712 652 3776 1881
688 3728 757 3792 pag.
790 3711 868 3790 lli}
901 3713 1007 3773 censet
1039 3709 1197 3785 „bonum“
1230 3708 1288 3773 hoc
1317 3708 1383 3773 loco

152 3818 394 3899 intellegendum
419 3835 485 3882 esse
509 3817 740 3881 substantivum
763 3816 872 3898 (welch
889 3816 938 3878 eiu
956 3814 1021 3879 (lut
1037 3834 1069 3879 es
1093 3815 1172 3896 soi),
1187 3815 1264 3880 haec
1287 3813 1383 3878 iuter·

153 3928 285 4005 precatio
310 3944 328 3988 a
352 3925 576 3989 sententimnm
599 3942 715 3988 conexu
739 3924 841 3986 aliena
857 3925 913 3986 est.
954 3922 1037 3986 Nam
1055 3920 1208 3986 Catanen
1224 3920 1383 3985 ostendere

154 4033 237 4108 vult,
277 4050 371 4113 quam
406 4032 521 4096 bonnm
550 4033 590 4096 sit
619 4030 805 4095 Graecorum
832 4029 954 4094 litteras
982 4028 1145 4111 Inspicere,
1183 4026 1236 4092 sed
1268 4026 1389 4111 potius·

155 4139 270 4203 bonnm
294 4158 360 4203 esse
388 4139 511 4202 illorum
543 4139 662 4203 litteras
685 4138 850 4220 inspicere,
879 4135 1051 4219 perdiscere
1079 4155 1142 4199 non
1166 4135 1281 4198 bonum
1305 4150 1382 4197 esse.

155 4246 248 4310 Aliud
276 4245 467 4328 exemplum,
499 4246 580 4328 quod
612 4246 674 4310 hnc
704 4244 908 4308 revocandum
940 4261 1007 4307 esse
1040 4242 1177 4320 ridetur,
1209 4241 1322 4322 legitur
1352 4240 1384 4304 in

155 4352 247 4419 Ennii
271 4354 379 4419 Medea
404 4356 467 4417 285
494 4354 595 4417 null:
625 4354 716 4432 „Non
746 4370 950 4416 commemoro
975 4352 1056 4433 quod
1086 4348 1225 4415 draconis
1256 4366 1384 4413 saeuum

156 4461 250 4544 sopiri
275 4462 429 4545 inpetum,
454 4461 525 4526 Non
550 4461 630 4543 quod
656 4461 758 4524 domui
781 4459 843 4524 dm
869 4464 1030 4524 taurorum
1055 4460 1085 4523 et
1109 4457 1222 4539 segetis
1247 4456 1384 4519 armatae

143 4575 297 4649 =-manus“,
335 4587 525 4651 quamquam
562 4568 784 4635 concedendam
820 4570 869 4633 est
904 4569 961 4632 hoo
995 4567 1059 4634 Ioco
1093 4584 1186 4630 usum
1216 4562 1384 4648 particulae
