3068 4996
660 255 870 323 ..30ss

261 466 292 552 a)
315 468 507 533 Indicativus
531 468 632 534 tribus
655 469 721 535 illis
748 470 825 535 locis
854 468 985 554 legitur,
1020 468 1076 533 ubi
1105 488 1184 546 „non
1208 468 1305 550 quia“
1330 469 1379 535 vel

152 594 233 655 „non
249 575 377 658 proinde
392 575 483 658 quia“
507 575 686 656 invenitur3
711 578 828 644 duobus
851 576 930 643 locis
953 576 1013 656 lor,
1038 595 1129 660 quam
1155 577 1245 641 modo
1262 576 1380 642 consti-

152 682 278 762 tuimus,
303 685 436 762 servata,
460 682 557 750 tertio
580 684 722 767 neglecta
745 685 803 752 est.

262 843 305 923 ΙΙ,
324 846 353 924 7,
372 849 407 908 7:
443 845 509 909 Aut
532 846 631 924 recte,
667 845 827 929 inquiunt,
863 847 996 929 imperat
1019 847 1107 928 pater
1131 848 1187 912 aut
1210 864 1379 929 perperam.

153 949 187 1016 si
209 952 292 1016 recte
315 952 463 1034 imperat,
499 973 560 1019 non
585 953 659 1035 quia
682 952 829 1036 imperat,
866 953 1055 1036 parendum,
1091 952 1314 1035 sedquoniam
1347 953 1379 1017 id

151 1058 219 1124 fieri
239 1059 289 1125 ius
305 1060 383 1125 est.“
429 1062 566 1144 Apparet
583 1060 771 1127 sententiam
788 1080 853 1126 esse
869 1062 967 1126 hanc:
990 1062 1081 1144 pater
1097 1079 1129 1124 re
1146 1078 1219 1124 vera
1235 1060 1379 1143 imperat,

152 1167 206 1232 sed
229 1169 286 1233 hoc
308 1167 406 1251 patris
429 1167 594 1250 imperium
619 1187 680 1233 non
706 1169 753 1234 est
776 1187 868 1234 causa
891 1167 1036 1234 faciendi.

262 1331 316 1407 IX,
333 1331 362 1406 3,
379 1331 414 1395 5:
449 1329 566 1394 Filium
601 1327 678 1392 milri
710 1328 853 1413 genitum
888 1328 974 1396 scito.
1030 1327 1118 1408 Quod
1153 1329 1295 1411 equidem
1331 1329 1380 1394 dis

152 1436 249 1504 habeo
276 1437 426 1522 gratiam,
463 1455 522 1501 non
547 1437 672 1519 proinde
696 1437 769 1518 quia
799 1437 892 1500 natus
920 1438 979 1512 est,
1015 1455 1108 1517 quam
1141 1454 1194 1519 pro
1228 1456 1263 1503 eo
1298 1436 1379 1519 quod

152 1563 221 1609 eum
246 1544 332 1610 nasci
361 1543 497 1628 contigit
520 1545 710 1628 temporibus
738 1543 823 1608 vitae
854 1545 957 1610 tuae.“
1005 1542 1198 1611 Indioativus
1230 1563 1284 1610 suo
1312 1543 1379 1609 iure

151 1652 273 1735 positus
297 1654 353 1730 est,
378 1669 450 1717 cum
474 1649 557 1716 lilius
581 1670 613 1716 re
638 1668 710 1716 uera
733 1651 825 1715 natus
850 1650 900 1713 sit.

262 1813 385 1879 Tertius
401 1812 488 1878 locus
504 1815 551 1877 est
566 1812 636 1889 VII,
653 1815 683 1890 2,
702 1814 755 1877 11:
781 1811 903 1891 „Sicut
920 1811 1031 1893 inquit,
1047 1811 1180 1894 lapidem
1199 1811 1379 1896 cylindrum

151 1920 256 2003 siper
280 1919 504 2004 spatiaterrae
528 1938 624 2002 prona
655 1921 748 2002 atque
773 1920 905 2002 derupta
933 1919 1047 1997 iacias,
1083 1937 1177 1984 causa
1201 1920 1326 2003 quidem
1350 1919 1379 1985 oi

152 2030 183 2090 et
205 2027 332 2091 initium
355 2025 613 2110 praecipitantiae
635 2024 741 2103 fueris,
764 2045 834 2091 mox
859 2027 962 2091 tamen
986 2025 1040 2091 ille
1060 2043 1207 2109 praeceps
1232 2027 1378 2103 volvitur,

150 2154 210 2201 non
235 2136 309 2219 quia
331 2136 366 2199 tu
389 2133 423 2200 id
447 2133 509 2199 iam
533 2133 620 2208 facis,
653 2134 705 2198 sed
728 2133 876 2215 quoniam
898 2134 944 2198 ita
975 2151 1039 2198 sese
1072 2133 1180 2198 modus
1204 2136 1238 2199 et
1260 2135 1377 2199 formae

151 2242 330 2309 volubilitas
353 2242 479 2307 habet.“
526 2241 593 2306 Hoc
616 2240 684 2306 loco
708 2240 846 2305 dubitari
861 2242 974 2323 potest,
998 2241 1148 2322 quomodo
1164 2243 1256 2306 verba
1272 2243 1330 2321 „tu
1346 2240 1379 2304 id

150 2351 213 2416 iam
237 2351 333 2416 faois“
359 2348 543 2434 explicanda
565 2348 636 2417 sint.
683 2347 749 2413 Aut
764 2349 846 2414 idem
863 2348 922 2413 sibi
938 2348 1055 2426 volunt,
1079 2349 1160 2431 quod
1178 2366 1270 2431 supra
1286 2348 1379 2414 uerbo

151 2457 287 2536 „iacias‘
312 2455 526 2541 significatum
550 2458 609 2534 est,
633 2459 689 2520 aut
713 2456 790 2521 haec
812 2456 843 2520 in
868 2456 907 2521 iis
930 2455 1014 2521 inest
1037 2456 1204 2521 sententia:
1239 2456 1291 2535 „id
1314 2455 1378 2521 iam

52 2572 55 2578 ’
150 2567 226 2631 lacis
249 2565 299 2631 uel
323 2563 436 2644 efficis,
472 2564 508 2628 ut
535 2563 617 2645 lapis
641 2582 787 2646 praeceps
818 2564 994 2629 volvatur.“
1041 2563 1101 2628 llla
1124 2562 1291 2646 explicatio
1321 2564 1379 2628 hac

151 2675 271 2757 reipsa
294 2693 325 2739 se
341 2669 546 2749 commendat,
570 2670 653 2752 quod
676 2689 743 2736 eam
768 2670 794 2734 si
812 2671 979 2753 sequimur,
1005 2670 1143 2736 Gellium
1159 2670 1247 2735 illam
1264 2670 1377 2754 legem,

151 2801 243 2863 quam
260 2799 355 2864 supra
370 2777 600 2855 const'tuimus‚
617 2777 826 2843 obseruauisse
838 2778 1064 2843 concedendum
1076 2779 1134 2857 est,
1150 2796 1223 2842 narn
1239 2776 1379 2859 lapidem

151 2907 182 2952 re
207 2907 277 2953 uera
300 2887 360 2951 iaci
384 2887 548 2951 statuitur.
597 2885 656 2951 Sed
680 2885 707 2950 si
723 2884 905 2950 'accuratius
928 2885 1154 2950 sententiarum
1176 2903 1287 2950 nerum
1305 2902 1378 2948 eon·

152 2996 309 3072 sideratis,
335 2995 464 3059 alteram
480 2993 716 3077 explicationem
732 2993 862 3074 probare
887 3011 948 3057 non
971 2992 1140 3072 dubitabis,
1165 2992 1226 3058 etsi
1242 2991 1377 3058 Gellium

150 3101 360 3186 negligentiae
383 3101 415 3164 in
439 3100 599 3165 modorum
623 3119 683 3164 usu
707 3097 864 3163 adhibitae
880 3118 1036 3183 coargues.
1083 3100 1152 3165 Hac
1174 3099 1258 3166 anim
1282 3100 1378 3184 eupli-

152 3209 272 3275 catione
295 3207 425 3291 probata
448 3206 674 3272 sententiarum
698 3225 830 3271 conexus
858 3207 906 3272 est
929 3207 996 3273 hic:
1032 3207 1082 3287 „si
1112 3206 1249 3292 lapidem
1278 3207 1379 3292 cylin-

151 3316 241 3380 drum
264 3334 318 3398 per
341 3314 443 3400 spatia
465 3318 568 3379 terrae
592 3332 689 3397 prona
711 3314 803 3396 atque
828 3314 958 3396 derupta
982 3314 1092 3394 iacias,
1128 3332 1221 3380 causa
1251 3316 1378 3399 quidem

151 3424 183 3487 et
205 3421 334 3487 initium
357 3420 613 3504 praecipitantiae
646 3439 695 3498 es,
729 3439 800 3486 mox
830 3422 935 3486 tamen
970 3421 1025 3486 ille
1056 3440 1204 3504 praeceps
1232 3421 1378 3489 volvitur.

152 3530 255 3596 Huius
278 3529 324 3595 rei
348 3530 412 3593 iam
435 3546 496 3592 non
519 3529 554 3592 tu
579 3546 672 3593 causa
696 3547 737 3609 es,
762 3528 816 3594 sed
838 3527 937 3610 ipsius
952 3528 1066 3610 lapidis
1081 3528 1191 3594 modus
1214 3532 1246 3595 et
1261 3528 1378 3595 formae

152 3637 363 3703 volubilitas.“
403 3634 554 3700 Videmus
576 3634 674 3718 igitur
696 3634 902 3700 indicativum
918 3635 1129 3718 negligentius
1149 3636 1287 3718 positum
1303 3655 1378 3716 esse,

152 3763 247 3828 quum
271 3743 484 3810 coniunctirus
508 3743 700 3826 expectetur,
725 3742 808 3824 quod
831 3760 868 3806 ea
890 3760 952 3835 res„
972 3760 1050 3826 quae
1075 3744 1235 3810 enuntiato
1259 3764 1295 3809 er
1319 3746 1379 3810 for·

151 3853 237 3917 mula
261 3870 344 3931 „non
368 3850 461 3935 quia“
486 3868 634 3933 suspenso
649 3848 836 3926 continetur,
861 3868 921 3914 non
943 3847 1015 3915 vera
1039 3851 1098 3929 est,
1122 3850 1177 3916 sed
1199 3852 1256 3916 hoc
1276 3851 1377 3934 ipsum

152 3961 268 4042 agitur,
299 3959 438 4024 uthans
460 3977 535 4034 rem,
563 3975 750 4039 quamquam
774 3956 811 4020 de
835 3974 872 4020 ea
896 3957 1030 4040 cogitari
1054 3959 1162 4041 possit,
1187 3977 1291 4023 veram
1316 3977 1377 4023 nou

151 4085 217 4132 esse
240 4066 478 4132 demonstretur.

263 4225 328 4290 Hoc
360 4226 427 4290 loco
459 4224 537 4288 mihi
567 4224 661 4289 liceat
685 4243 928 4290 commemorare
959 4226 1036 4291 duos
1059 4226 1153 4292 huius
1186 4225 1269 4292 modi
1296 4223 1378 4291 locos

151 4330 232 4417 apud
248 4331 477 4412 Quintilianum
499 4330 631 4397 inueniri
653 4329 685 4394 in
709 4331 821 4415 quibus
845 4333 950 4398 eadem
968 4332 1162 4417 negligentia
1185 4332 1376 4412 observatur,

151 4457 243 4524 quarn
266 4437 445 4504 Gdntherus
469 4438 514 4502 ita
538 4455 681 4504 excusare
705 4439 811 4504 studet
834 4441 871 4505 ut
895 4439 994 4505 dicat:
1018 4437 1280 4533 „Coniunctivum
1304 4457 1378 4504 sane

150 4546 356 4631 expectamus.
414 4544 631 4625 Quintilianus
665 4565 736 4611 uero
769 4546 974 4612 indicativum
1012 4547 1135 4631 posuit,
1174 4547 1287 4631 quippe
1325 4546 1378 4630 qui
