3068 4996
646 274 858 338 ...33-

139 491 287 573 usurpata
318 486 407 574 sit.*)
454 486 541 552 Haec
569 485 726 562 sententia
758 498 794 552 ea
823 504 856 551 re
884 480 1100 563 confirmatur,
1132 484 1213 566 quod
1244 485 1368 567 praeter

140 596 279 662 Gellium
303 592 472 678 Apuleius,
503 589 592 677 quem
618 595 722 677 ipsum
747 610 868 676 qaoque
899 591 1110 674 antiquarium
1140 609 1205 658 esso
1234 593 1366 669 constat,

139 721 200 769 uno
228 702 293 769 loco
313 699 377 786 (de
407 696 514 783 magia
534 698 615 766 liber
638 720 702 784 cap.
721 699 824 784 XVII)
856 700 997 764 nostram
1028 699 1276 766 coniunctionem
1309 699 1367 763 hoc
1404 750 1419 773 ,,

140 808 365 892 significatione
398 811 538 891 usurpat.
582 803 703 874 'Etiam
738 807 910 890 Apuleium
944 807 1026 872 hunc
1060 825 1151 871 usum
1190 825 1227 871 er
1258 804 1367 888 priscis

140 916 343 1000 scriptoribus
366 918 546 982 mutuatum
571 934 636 982 esse
661 911 696 980 eo
720 913 922 980 verisimilius
947 915 1004 995 est,
1028 914 1111 994 quod
1136 911 1287 995 Apuleius
1310 912 1368 977 hoc

140 1026 207 1093 loeo
231 1027 451 1108 argumentum
475 1022 623 1088 orationis
646 1021 806 1087 cuiusdam
825 1019 954 1087 Catonis
969 1020 1104 1085 breviter
1125 1020 1259 1098 enarrat,
1284 1037 1366 1098 nam,

140 1134 176 1199 nt
198 1135 281 1199 reete
305 1132 411 1197 monet
435 1130 685 1209 Hildebrandius,
710 1129 778 1194 sine
795 1129 889 1194 dubio
907 1127 982 1194 Cato
1005 1128 1071 1212 ipse
1094 1127 1127 1191 in
1151 1127 1287 1193 oratione
1311 1144 1368 1190 sua

141 1261 177 1307 ea
200 1238 355 1324 particula
378 1257 453 1304 usus
476 1241 550 1304 erat.

253 1402 281 1467 2.
315 1399 375 1464 His
390 1399 489 1482 igitur
505 1400 581 1466 locis
598 1399 788 1483 „quoniam‘
804 1397 977 1483 particulae
1003 1395 1190 1480 significatio
1214 1397 1262 1460 est
1287 1414 1367 1460 mere

141 1507 333 1593 temporalis,
357 1509 468 1573 ceteris
483 1508 561 1573 locis
585 1508 730 1573 omnibus
754 1505 898 1585 causalis,
923 1523 1113 1587 quamquam
1138 1502 1366 1568 concedendurn

141 1617 188 1700 est
203 1634 438 1699 nonnumquam
453 1616 658 1698 temporalem
674 1614 938 1698 significationem
954 1613 1063 1690 latere,
1087 1610 1176 1676 velut
1192 1611 1233 1690 X,
1256 1612 1308 1689 ll,
1333 1614 1370 1688 7,

141 1725 227 1805 XIX,
253 1726 285 1805 8,
310 1724 362 1789 10.
399 1722 459 1789 Sed
482 1743 519 1788 ue
544 1724 594 1788 his
617 1723 741 1806 quidem
765 1722 842 1789 loeis
864 1721 1001 1787 dubitari
1025 1720 1139 1803 potest,
1165 1702 1270 1784 utrum
1293 1736 1367 1784 cau·

142 1832 215 1898 salis
239 1833 281 1897 sit
304 1831 351 1897 vis
373 1832 547 1916 particulae
571 1850 611 1896 an
635 1830 827 1916 temporalis,
852 1848 922 1894 cum
940 1829 998 1895 hoc
1013 1826 1212 1912 potissimum
1235 1826 1367 1911 scriptor

142 1941 226 2023 agat,
250 1941 286 2005 ut
303 1957 428 2004 oausam
444 1939 583 2021 aliquam
600 1938 721 2019 afferat,
745 1937 929 2020 temporalis
946 1955 1018 2002 vero
1032 1935 1164 2001 rationis
1180 1933 1367 2017 significatio

142 2065 202 2113 uon
240 2046 299 2112 nisi
338 2046 489 2130 implicite
526 2046 715 2128 „quoniam‘
750 2045 907 2129 particula
944 2042 1150 2109 contineatur.
1208 2041 1367 2121 Quomodo

141 2154 249 2219 autem
280 2153 414 2218 causalis
446 2153 633 2235 significatio
658 2153 877 2237 extemporali
909 2151 1042 2233 oriatur,
1074 2149 1198 2234 egregie
1231 2148 1368 2232 exposuit

142 2262 173 2328 F.
190 2261 227 2326 Α,
242 2259 386 2327 Wolifius
402 2260 441 2325 ad
457 2260 556 2326 Tacit.
571 2260 683 2325 Anual.
700 2261 726 2339 l,
744 2263 801 2324 57:
832 2259 904 2338 „lta
919 2259 1025 2323 nutem
1042 2257 1219 2323 continetur
1233 2257 1367 2337 utraque

142 2368 205 2448 vis,
236 2370 273 2432 ut
296 2387 314 2432 a
341 2368 489 2451 temporis
518 2369 642 2434 notione
672 2368 712 2434 ad
744 2385 854 2432 causae
882 2367 1075 2445 transeatur,
1108 2363 1259 2447 siquidem
1287 2362 1368 2445 quod

85 2482 89 2489 ’
142 2476 226 2541 certo
249 2475 355 2557 alique
379 2476 586 2559 temperarit,
610 2494 664 2559 pro
689 2493 782 2540 causa
798 2474 932 2539 habetur
956 2473 1036 2539 alins
1059 2472 1103 2537 rei
1126 2471 1368 2536 instituendae“.

220 2612 299 2719 ,De
323 2636 391 2719 ipsa
415 2639 519 2702 autem
544 2638 663 2704 causali
686 2637 913 2721 significatione
942 2637 1064 2702 nostrae
1086 2631 1262 2717 particulae
1284 2633 1367 2696 recte

141 2743 282 2826 disputat
298 2743 472 2828 Draegerus
488 2744 521 2808 Il
545 2745 660 2827 §5322
693 2763 724 2809 es
747 2743 835 2808 fiuhrt
859 2744 917 2808 den
941 2741 1049 2809 Gruud
1074 2761 1123 2820 an,
1149 2741 1203 2805 der
1226 2739 1274 2805 als
1297 2738 1367 2802 dem

140 2850 357 2933 Augeredeten
382 2852 520 2918 bekannt
545 2855 775 2937 vorausgcsetnt
798 2851 889 2915 wird:
923 2850 984 2928 „da
1008 2870 1070 2915 nun
1096 2849 1241 2914 eiumal“.

214 3097 215 3100 Ἴ
251 3012 404 3093 Primum,
430 3016 583 3095 quantum
608 3015 678 3095 scio,
703 3015 785 3097 apud
802 3014 985 3080 Lucretium
1009 3012 1060 3098 (cf.
1078 3013 1291 3078 Reichcnhart
1305 3013 1323 3076 l
1342 3031 1367 3076 c.

140 3140 169 3205 p.
188 3120 265 3205 110)
294 3123 362 3185 tum
391 3121 474 3204 apud
501 3123 644 3187 auctores
668 3122 745 3187 belli
768 3122 910 3188 Africani
938 3124 970 3187 et
993 3119 1226 3204 Hispaniensis,
1260 3117 1367 3208 deinde

141 3229 222 3311 apud
246 3228 400 3305 Taciturn,
425 3226 619 3309 Suetonium,
644 3229 721 3295 alios
746 3231 936 3313 „quoniam“
960 3228 1111 3312 particula
1135 3245 1367 3310 nonnumquam

141 3336 187 3400 ita
218 3336 403 3418 usurpatur,
436 3337 472 3400 ut
495 3337 553 3401 hac
583 3337 824 3420 significationis
855 3337 1063 3420 proprietate,
1096 3354 1156 3418 qua
1189 3335 1233 3400 ibi
1263 3335 1368 3399 locum

140 3442 245 3522 habet,
270 3442 325 3507 ubi
349 3461 442 3507 causa
467 3443 607 3509 audienti
630 3445 679 3508 vel
696 3444 813 3528 legenti
831 3445 892 3509 iam
917 3446 993 3509 nota
1009 3443 1177 3518 inducitur,
1204 3442 1368 3507 obscurata

141 3568 278 3629 causam,
303 3568 394 3632 quam
410 3550 528 3633 legenti
551 3554 655 3617 notam
678 3569 742 3617 esse
759 3552 941 3634 scriptorem
966 3569 1088 3615 censere
1112 3549 1288 3642 negandum
1309 3554 1366 3622 est,
1448 3615 1450 3619 ,

248 3780 273 3850 ⁴⁶.)
301 3779 517 3837 Reich'enhartus
544 3780 617 3851 apud
639 3779 797 3836 Lucretium
821 3782 880 3836 octo
903 3778 970 3836 locis
1000 3777 1162 3850 ‚,quoniam“
1191 3775 1367 3847 temporalem

140 3866 370 3940 significationem
383 3870 483 3926 habere
501 3868 640 3926 contendit
656 3869 775 3939 (Blitter
787 3869 832 3925 fiir
845 3868 894 3925 das
906 3869 982 3941 beyn.
994 3865 1269 3940 Gymnasial·Weson
1289 3863 1367 3932 1882,

140 3975 166 4029 p.
187 3958 259 4029 104).
297 3959 349 4016 Sed
372 3975 435 4016 cunr
459 3959 585 4015 omnibus
608 3957 651 4014 his
675 3958 741 4015 locis
770 3957 934 4030 „quoniam“
963 3956 1099 4031 particula
1121 3955 1156 4012 ad
1177 3953 1367 4012 transitionem

141 4046 314 4104 indicandam
343 4050 503 4120 usurpetur,
533 4065 586 4104 non
615 4047 750 4120 estquod
778 4049 954 4120 temporalem
982 4044 1209 4120 significationem
1235 4043 1278 4099 his
1300 4042 1368 4100 locis

140 4139 302 4197 statuamus.
328 4138 400 4195 Nam
414 4154 477 4194 cunr
490 4140 596 4209 praeter
608 4138 659 4195 hos
671 4136 765 4195 nullus
776 4137 848 4194 alius
862 4139 937 4195 locus
950 4138 1022 4210 apud
1032 4135 1189 4194 Lucretium
1202 4132 1368 4202 inveniatur,

141 4226 189 4283 ubi
201 4228 309 4284 nostrae
321 4226 473 4299 particulae
485 4227 645 4299 temporalis
657 4228 824 4300 significatio
837 4227 922 4285 tribui
934 4227 1034 4301 possit,
1042 4226 1143 4283 nedum
1156 4224 1204 4281 ubi
1217 4224 1368 4281 necessario

140 4316 287 4374 tribuenda
305 4317 354 4386 sit,
374 4317 489 4375 dubium
508 4332 640 4375 essenon
658 4320 759 4390 potest,
787 4319 854 4390 quin
873 4318 916 4374 his
935 4317 1002 4375 locis
1021 4316 1184 4388 „quoniam“
1205 4312 1368 4386 particulam

141 4407 259 4477 causali,
284 4423 340 4463 non
358 4406 499 4479 temporali
523 4406 725 4480 significatione
743 4411 902 4481 usurpatam
922 4408 997 4465 etin
1015 4406 1173 4464 universum
1192 4404 1368 4476 temporalem

140 4488 223 4553 huius
246 4496 396 4570 particulae
419 4496 648 4568 significationem
674 4497 747 4569 apud
769 4497 928 4556 Lucretium
953 4498 991 4554 ita
1016 4499 1048 4552 ut
1071 4494 1142 4567 apud
1161 4492 1219 4550 eius
1243 4493 1369 4564 aequales

142 4584 195 4643 iam
215 4602 270 4643 non
289 4585 418 4644 usitatam
437 4586 523 4645 fuisso
542 4586 716 4645 statuendum
737 4586 781 4645 sit.
883 4643 890 4648 .
