3068 4996
661 250 867 314 ..27-

203 485 206 488 ⁴
262 460 349 526 Haec
372 460 492 526 dicendi
516 460 650 525 formula
673 462 738 526 vice
761 461 840 538 „nisi
859 460 959 545 quod‘
983 460 1134 525 formulae
1158 461 1298 544 fungitur
1319 463 1383 525 iam
1478 546 1481 552 υ

152 568 235 652 apud
251 568 411 647 Plautum,
436 587 472 633 11
496 587 556 650 quo
577 567 696 634 Gellius
721 587 791 634 eam
815 570 980 635 mutuatus
1004 587 1070 634 esse
1092 568 1223 648 videtur,
1246 571 1278 634 et
1301 569 1383 653 apud

151 676 340 742 Terentium.
392 674 584 740 Schmalrius
612 676 634 739 l.
654 695 677 741 o.
697 695 766 760 pag.
788 677 852 742 340
884 694 939 760 per
967 694 1100 741 errorem
1131 676 1292 742 contendit
1319 675 1383 741 for-

152 785 273 850 mulam
311 784 395 863 „nisi
432 785 525 866 qnia“
565 784 782 849 tantummodo
821 784 904 866 apud
942 782 1094 847 Plautum
1133 785 1164 847 et
1200 783 1384 849 Terentium

153 892 291 957 inveniri.
329 890 414 956 Nam
434 893 557 975 praeter
572 890 708 956 Gellium
731 891 826 956 etiam
842 889 1009 956 Sallustius
1033 891 1116 954 huno
1138 910 1232 955 usum
1246 892 1383 974 praebet.

267 1036 295 1099 6.
330 1033 478 1117 Sequitur
499 1036 536 1099 ut
559 1054 658 1099 unum
681 1036 785 1102 locum
809 1053 1099 1112 commemoremus,
1124 1034 1178 1098 ubi
1202 1034 1240 1098 ad
1264 1035 1381 1117 „quia“

153 1142 341 1226 perticulam
371 1143 511 1220 „enim“,
542 1145 579 1207 ut
601 1143 646 1207 ita
669 1143 783 1221 dicam,
814 1143 1002 1227 pleonastice
1026 1141 1164 1208 adicitur.
1210 1143 1312 1208 Locus
1336 1144 1384 1207 est

153 1249 219 1313 hic:
249 1247 327 1329 XII,
352 1253 387 1329 5,
414 1251 470 1314 10:
506 1249 585 1329 „Sed
607 1251 686 1316 haut
709 1251 785 1330 scio,
810 1251 927 1333 inquit,
957 1268 998 1314 an
1020 1250 1104 1314 dicat
1122 1250 1253 1340 aliquis,
1278 1250 1383 1333 ipsum

154 1356 231 1421 illud
248 1357 329 1439 quod
344 1359 473 1442 pugnat,
498 1357 581 1440 quod
596 1359 703 1440 gemit,
729 1358 756 1423 si
777 1360 899 1423 malum
915 1357 999 1422 dolor
1020 1377 1082 1422 non
1106 1358 1163 1436 est,
1188 1375 1243 1424 cor
1257 1376 1382 1423 necesse

155 1466 203 1528 111
231 1483 353 1547 gemere
383 1469 415 1530 et
441 1469 601 1548 pugnare?
647 1465 728 1545 Quia
751 1466 834 1532 enim
857 1466 974 1544 omnia,
1004 1484 1084 1546 quae
1107 1483 1169 1530 non
1192 1466 1267 1530 sunt
1289 1467 1381 1543 11111,

154 1572 297 1639 molestia
322 1591 444 1656 quoqne
467 1575 552 1638 omni
583 1593 645 1639 non
674 1575 814 1648 carent“;
844 1593 867 1638 e.
893 1594 921 1656 q.
945 1593 968 1638 s.
1014 1573 1108 1637 Hunc
1130 1592 1224 1637 usum
1247 1573 1323 1655 quin
1347 1593 1383 1643 11

155 1682 268 1747 Plauto
291 1684 456 1746 mutuatus
480 1682 522 1747 sit
538 1681 666 1763 Gellius,
691 1701 754 1747 non
770 1682 892 1758 dubito;
916 1700 989 1747 nam
1006 1682 1138 1748 Plautus
1163 1682 1258 1764 „quia
1277 1681 1381 1746 onim“

156 1788 290 1854 formula
320 1790 352 1853 in
383 1789 526 1854 diverbiis
562 1790 742 1873 saepissime
776 1792 821 1855 ita
855 1791 967 1868 utitur,
1005 1792 1042 1855 ut
1076 1810 1147 1856 cum
1177 1790 1383 1872 interroganti

156 1896 245 1962 alteri
267 1915 428 1981 personae,
458 1917 512 1962 cur
540 1898 657 1980 aliquid
685 1899 740 1977 sit,
773 1917 852 1982 quae
880 1898 1078 1980 interrogatio
1101 1898 1261 1982 particulis
1285 1902 1382 1974 „cur“

157 2022 273 2088 „quam
303 2005 341 2069 ob
359 2010 458 2082 ,rem‘⁸
490 2005 645 2070 similibus
672 2006 778 2070 induci
810 2006 903 2085 solet,
937 2007 975 2071 ab
1007 2007 1104 2070 altera
1130 2023 1261 2089 persona
1289 2023 1383 2069 causa

155 2110 318 2188 indicatur,
334 2111 411 2176 haec
425 2112 583 2196 responsio
602 2114 697 2196 „quia
713 2113 816 2178 enim‘
833 2113 966 2178 formula
980 2113 1202 2178 introducatur.
1242 2111 1382 2176 Similem

156 2219 188 2281 in
215 2218 344 2284 modum
371 2221 476 2284 nostro
503 2219 569 2284 loco
598 2221 692 2302 „quia
720 2221 826 2286 enim“
855 2219 986 2285 formula
1015 2221 1165 2302 usurpata
1192 2221 1248 2286 est.
1301 2217 1383 2283 Num

158 2323 276 2390 Gellius
310 2332 478 2408 postquam
516 2327 746 2411 occupationem
780 2328 847 2411 ipse
885 2327 944 2391 sibi
977 2327 1021 2391 ita
1054 2326 1144 2406 fecit,
1183 2328 1221 2390 ut
1254 2326 1382 2390 diceret:

158 2432 263 2510 „hand
288 2434 350 2498 scio
374 2452 414 2497 an
438 2434 521 2499 dicat
543 2435 672 2517 aliquis:
702 2454 774 2512 „cur
796 2452 922 2500 necesse
945 2438 994 2500 est
1009 2453 1131 2518 gemere
1154 2435 1186 2499 et
1199 2431 1382 2517 pugnare?“

157 2539 204 2604 ita
234 2540 300 2624 ipse
331 2541 390 2605 sibi
424 2542 603 2625 respondet,
639 2546 676 2607 ut
711 2560 837 2608 causam
874 2541 994 2620 afferat,
1030 2560 1125 2623 quam
1157 2542 1248 2623 ,111111
1278 2540 1381 2606 enirn“

154 2647 289 2713 formula
311 2648 487 2714 introducit.

165 2879 170 2887 .
266 2791 293 2856 7.
331 2790 479 2874 Sequitur
512 2796 549 2856 ut
583 2811 682 2857 unum
714 2794 818 2859 locum
853 2812 1141 2869 commemoremus,
1174 2794 1207 2856 in
1243 2812 1303 2874 quo
1337 2792 1384 2854 in-

154 2898 344 2964 concinnitas
362 2899 516 2981 quaedam
532 2899 713 2966 elocutionis
733 2902 825 2966 inest.
865 2901 965 2965 Locus
988 2901 1145 2966 invenitur
1161 2899 1246 2978 XVI,
1273 2902 1323 2975 13,
1347 2900 1381 2963 9:

154 3004 262 3086 „Quae
294 3011 399 3072 tamen
431 3007 582 3086 condicio,
615 3026 687 3072 cum
719 3010 760 3072 sit
791 3008 891 3090 magis
922 3009 1052 3073 obnoxia
1082 3011 1114 3073 11
1144 3009 1247 3072 minus
1275 2998 1381 3083 libera,

153 3115 251 3196 potior
290 3116 396 3179 tamon
434 3117 466 3179 et
503 3115 718 3198 praestabilior
755 3117 949 3181 existimatur
986 3117 1109 3200 propter
1147 3113 1383 3198 amplitudinem

153 3222 411 3305 maiestatemque
438 3223 548 3306 populi
578 3223 725 3300 Romani,
760 3225 850 3288 cuius
952 3223 1097 3288 videntur
1129 3225 1161 3288 et
1188 3222 1282 3288 simul
1311 3220 1384 3302 quia
1483 3311 1487 3318 Ι

154 3329 284 3394 obscura
307 3330 547 3411 oblitterataque
571 3331 646 3394 sunt
668 3331 907 3414 municipiorum
930 3333 1026 3396 inra“.
1064 3331 1132 3395 Hoc
1146 3331 1211 3395 loco
1227 3327 1383 3412 paratorio

154 3434 263 3502 effecta
278 3438 326 3502 111
340 3437 422 3502 inter
437 3437 648 3502 substantiva:
674 3438 958 3520 „amplitudinem‘
974 3442 1007 3503 11
1029 3438 1277 3516 ,,111111111111“,
1304 3452 1383 3517 quae

152 3563 189 3609 11
203 3544 428 3629 praepositione
454 3547 619 3629 ‚,propter“
645 3547 720 3627 apta
743 3545 825 3621 sunt,
851 3552 882 3608 et
897 3544 979 3608 inter
1002 3544 1203 3609 enuntiatum
1218 3561 1255 3606 11
1270 3542 1381 3623 ‚,quia“

153 3668 349 3735 suspensum.

263 3798 293 3861 8.
315 3794 434 3874 „Quia‘
447 3812 684 3877 nonnumquam
696 3795 742 3859 ita
753 3799 940 3878 usurpatum
952 3797 1009 3875 est,
1023 3797 1059 3858 ut
1070 3794 1218 3877 temporis
1230 3791 1383 3874 quaedam

152 3902 338 3984 significatio
367 3904 473 3968 lateat.
519 3902 632 3984 Itaque
656 3921 748 3986 prope
779 3903 897 3968 accedit
921 3902 960 3966 ed
997 3905 1205 3984 „postquam‘
1239 3899 1383 3964 coniunc-

151 4009 243 4075 tionis
276 4030 375 4075 usum.
425 4010 529 4074 Huius
562 4010 684 4075 dicendi
712 4010 854 4088 rationis,
892 4029 970 4092 quae
1001 4010 1034 4073 in
1069 4028 1128 4074 usu
1160 4006 1383 4090 particularum

152 4116 338 4200 „quoniam⁴‘
361 4119 393 4182 11
408 4117 569 4200 „quando“
587 4119 767 4200 saepissime
783 4119 925 4195 occurrit,
950 4118 1071 4199 aliquot
1086 4115 1227 4199 exempla
1244 4129 1380 4178 comme-

150 4228 274 4290 morant
304 4245 340 4291 11
368 4225 561 4304 Quintiliano
592 4225 772 4290 Gunthems
803 4226 821 4290 l
847 4228 870 4289 c.
904 4246 932 4308 p.
958 4226 992 4300 9,
1025 4243 1061 4288 11
1093 4222 1239 4288 Suetonio
1268 4218 1385 4283 Trach-

150 4349 284 4398 mannus
313 4335 335 4397 l.
358 4352 381 4398 c.
405 4354 435 4416 p.
456 4334 514 4412 30,
545 4352 582 4397 11
604 4334 710 4398 Tacito
734 4333 884 4398 Reussius
908 4334 928 4398 l.
950 4352 974 4400 c.
998 4353 1028 4415 p.
1050 4336 1080 4400 5.
1127 4332 1220 4414 Apud
1244 4327 1383 4393 Gellium

150 4441 211 4506 duo
235 4442 376 4524 exempla
399 4441 519 4506 inveni:
548 4440 616 4519 XV,
647 4443 704 4520 31,
734 4443 769 4503 4:
805 4441 873 4518 „sin
895 4459 966 4505 vero
990 4458 1046 4505 nos
1070 4441 1193 4504 vincere
1216 4432 1385 4503 obsidendo

148 4549 334 4632 nequiveris,
358 4549 496 4632 petimus
520 4549 703 4626 consideres,
727 4566 766 4612 ne
790 4551 880 4631 turpe
904 4547 961 4613 tibi
985 4549 1036 4625 sit,
1062 4547 1135 4628 quia
1157 4565 1219 4610 non
1241 4544 1380 4629 potueris
