3068 4996
669 243 935 346 ,μζ

150 496 348 563 Sobmalzius
372 517 401 580 p.
426 497 491 561 240
518 497 597 561 haee
625 495 776 580 disputet:
809 496 858 560 dio
882 493 1129 579 Sebriltspraobo
1152 495 1258 560 wardo
1285 497 1377 565 untsr

150 604 220 668 dem
233 603 414 670 siehtliehen
427 603 564 668 Einfluss
578 604 632 668 der
645 603 858 686 grisehiseben
869 602 1045 668 Litteratur
1060 603 1125 669 und
1137 603 1191 669 der
1200 603 1377 669 rbmlseheu

151 697 378 775 Grammatilrer
394 711 589 793 sorgtaltiger
605 710 788 788 entwiekelt,
814 729 853 779 an
870 710 1014 780 Wbrtern
1039 711 1103 779 uud
1119 708 1377 780 Construetionen

149 818 277 897 rsieher,
300 818 507 885 kinstlerisoh
523 818 672 900 gestaltet
695 817 759 885 und
776 818 895 904 logiseh
911 817 1081 901 praeeisirt,
1105 837 1168 887 nou
1190 817 1307 886 mirum
1329 823 1377 883 est

149 926 220 1007 post
253 924 359 991 Plauti
368 922 398 1008 *l
434 926 569 993 aetatem
589 926 771 1008 'scriptores
806 925 962 990 Romanos
1002 924 1098 989 etiam
1131 927 1162 989 in
1202 926 1377 995 causalibus

151 1032 417 1097 eoniunetionibus
441 1032 624 1097 adhibendis
646 1032 779 1114 logicam
802 1032 1010 1098 subtilitatem
1034 1034 1126 1114 atque
1151 1034 1378 1105 assumtionem

151 1136 301 1223 appetere,
352 1142 456 1222 Atque
490 1141 598 1218 etiam,
634 1157 729 1221 quam
764 1141 915 1205 rationem
947 1139 1006 1204 bae
1038 1140 1072 1203 in
1105 1159 1137 1205 rs
1172 1141 1271 1207 seeuti
1305 1141 1377 1220 sint,

149 1247 346 1329 perspicuum
381 1249 437 1313 est.
494 1247 578 1312 Nam
612 1252 723 1325 „eum“
759 1249 791 1312 et
826 1247 991 1329 ,ouando‘
1026 1247 1209 1331 partientes,
1245 1268 1379 1332 quarum

151 1353 297 1436 primaria
323 1353 409 1420 notio
440 1356 488 1419 est
515 1355 708 1438 temporalis,
741 1356 782 1426 ad
808 1354 943 1436 logieam
973 1373 1101 1419 eausam
1132 1356 1378 1438 signifioandam,

152 1461 274 1544 „quod“
290 1463 322 1526 et
335 1462 447 1544 „quia“
463 1462 645 1545 particulas,
669 1480 748 1546 quse
763 1462 908 1545 primitus
924 1462 1079 1531 obieeturn
1094 1465 1177 1527 reale
1194 1464 1379 1545 signifieant,

152 1568 191 1633 ad
214 1571 329 1634 realem
353 1555 479 1635 eausam
502 1571 673 1636 notandam
696 1571 857 1653 usurpant.

263 1712 431 1784 Videamus
453 1733 538 1778 nune
554 1714 608 1796 qui
631 1715 673 1779 sit
693 1714 812 1797 ‚,qu0d“
835 1715 1007 1799 particulae
1029 1734 1106 1780 usus
1125 1713 1294 1788 Gellianus.
1311 1715 1380 1795 Qua

151 1822 183 1885 in
205 1841 247 1900 re,
273 1840 464 1904 quamquam
481 1822 518 1886 de
542 1821 718 1889 causalibus
741 1822 959 1889 tantummodo
982 1823 1379 1908 eoniunetionlbus'dispu-

151 1931 216 1995 tare
254 1929 331 1995 mihi
367 1930 526 2012 proposui,
564 1933 670 1994 tamen
708 1931 889 1996 universum
926 1930 1044 2013 ‚nuod“
1082 1932 1252 2014 partioulae
1287 1951 1378 1998 usum

150 2037 370 2105 illustrandum
400 2056 467 2103 osse
495 2055 616 2115 eenaeo,
652 2038 799 2122 quoniam
827 2038 946 2121 ‚urod“
978 2038 1130 2121 partieula
1159 2057 1305 2123 persaepe
1335 2041 1382 2105 ita

151 2147 302 2230 usurpata
325 2146 380 2222 est,
403 2147 448 2223 ut,
471 2146 577 2211 utrum
594 2145 750 2211 causalem
772 2147 836 2213 vim
858 2145 982 2225 habeat,
1006 2163 1047 2213 sn
1070 2146 1294 2231 explieativatu
1318 2165 1381 2217 non

151 2253 197 2321 ita
218 2253 308 2321 iaeile
332 2251 492 2328 diiudieari
519 2253 623 2337 possit.
669 2254 772 2337 Atque
800 2254 936 2337 primum
967 2253 1092 2337 quidem
1121 2254 1159 2319 de
1190 2255 1381 2337 explieatiua,

152 2361 221 2424 tum
252 2359 289 2424 de
319 2358 435 2425 eausali
465 2360 495 2425 vi
522 2360 693 2442 partieulae
720 2379 823 2443 agam.
867 2361 978 2428 Totam
1008 2362 1115 2429 autem
1137 2361 1218 2429 haue
1241 2362 1381 2445 disputa-

152 2467 269 2531 tionem
303 2467 347 2532 ita
380 2467 557 2545 instituam,
592 2470 629 2534 ut
662 2468 747 2550 prius
781 2468 921 2550 negleeto
956 2467 1119 2535 modorum
1153 2488 1213 2537 usu
1244 2469 1281 2539 de
1313 2470 1381 2552 ipsa

153 2573 373 2665 eoniunedone,
396 2575 465 2641 tum
489 2573 525 2639 de
548 2573 647 2639 modis
670 2574 876 2641 eoniunotioni
899 2574 1012 2640 additis
1036 2575 1194 2641 disseram.

418 2796 442 2876 Ι.
497 2796 548 2878 lle
577 2799 661 2898 ipsa
688 2796 830 2898 ‚,ouod“
857 2797 1120 2879 maturatione.

370 2972 399 3041 1.
441 2971 493 3042 De
514 2966 647 3063 „quod“
667 2972 860 3062 pulticulae
882 2973 920 3042 vi
941 2971 1162 3062 explicatius,

263 3111 436 3179 ununbata
457 3130 494 3177 ex
517 3111 636 3194 „quod‘
649 3112 811 3198 ‚particula
826 3131 976 3196 suspensa
1001 3113 1056 3177 aut
1079 3112 1204 3195 singula
1227 3111 1383 3175 enuntiati

152 3218 328 3303 principalis
352 3220 446 3283 verba
469 3222 524 3283 aut
547 3222 646 3289 totam
669 3220 735 3284 eius
758 3219 946 3317 sententiam
963 3218 1124 3302 explieant.
1167 3217 1382 3285 convertimus

153 3326 270 3404 „dass“,
295 3326 385 3405 „dass
408 3327 570 3393 namlieh“.
755 3334 773 3341 ''

269 3471 299 3555 a)
323 3472 425 3553 Atque
448 3470 548 3555 primo
572 3470 696 3555 quidem
712 3470 777 3535 loeo
793 3489 830 3534 ea
853 3470 992 3554 exempla
1006 3469 1275 3537 commemoranda
1298 3469 1381 3544 sunt,

153 3579 186 3642 in
211 3577 325 3659 quibus
342 3577 459 3659 „quod‘l
475 3576 626 3659 particula
649 3576 769 3663 aliquid
786 3575 881 3654 affert,
907 3595 967 3659 quo
983 3594 1150 3660 pronomen
1168 3575 1383 3640 correlativum

154 3684 307 3749 enuntiati
341 3683 517 3769 prineipalis
556 3684 739 3769 explieatur,
776 3684 827 3748 hie
861 3684 944 3749 enim
978 3704 1055 3751 usus
1092 3683 1181 3765 quasi
1214 3681 1381 3748 transitum

152 3792 279 3876 praebet
314 3811 332 3855 a
366 3791 487 3874 „quod‘
520 3792 699 3875 pronomine
734 3791 773 3855 ad
811 3791 1064 3857 eoniunotionem.
1121 3789 1159 3853 In
1195 3789 1383 3855 nominativo

154 3917 320 3981 pronomen
355 3899 491 3982 positum
525 3902 580 3964 est.
631 3898 777 3982 Legimus
812 3898 862 3977 „id
897 3899 978 3980 quod
1011 3896 1046 3975 V,
1084 3899 1141 3974 21,
1178 3898 1227 3963 14.
1280 3896 1382 3961 Huius

259 4128 285 4198 *l
304 4127 346 4186 De
364 4128 464 4187 Plauto
492 4128 604 4201 eiusque
618 4127 792 4202 ‘aequalibus
820 4144 869 4186 suo
897 4127 956 4186 iure
975 4127 1145 4185 huetbertus
1166 4127 1184 4186 l.
1204 4142 1226 4184 o.
1246 4142 1308 4198 pag.
1329 4127 1380 4182 111

153 4220 203 4277 boo
220 4218 356 4291 disputat:
376 4219 453 4289 „Das
470 4219 556 4277 altore
574 4219 672 4278 Latein
690 4219 769 4277 stellt
787 4218 839 4276 den
856 4217 999 4290 logiseben
1018 4218 1075 4275 und
1092 4216 1294 4274 realanGruud
1312 4216 1382 4273 noeh

153 4308 203 4367 aut
218 4308 278 4369 eins
295 4307 380 4379 seusa,
396 4309 473 4382 jeder
484 4309 580 4369 stand
598 4311 636 4367 ist
653 4308 712 4367 ihm
730 4309 801 4367 noeb
819 4307 864 4369 eiu
875 4308 1144 4377 Rea-verbannus,
1163 4307 1290 4365 desshalb
1308 4305 1382 4365 kann

154 4399 223 4455 euob
241 4399 365 4457 musales
378 4398 465 4468 Quom
484 4401 555 4458 uoeb
574 4400 603 4456 in
616 4399 823 4457 Vorhtltnissen
842 4399 945 4469 debeo,
964 4415 1004 4456 wo
1023 4398 1070 4456 das
1083 4400 1188 4470 spatere
1200 4396 1298 4454 Latein
1316 4398 1383 4453 statt

154 4486 242 4545 dieser
259 4489 381 4548 Partikel
404 4489 465 4547 eine
488 4490 587 4548 andere
610 4490 688 4546 mehr
706 4488 838 4560 objeotive
857 4489 1071 4563 Causalpartikol
1093 4485 1270 4562 augswendet
1293 4487 1380 4546 baben

154 4576 272 4640 wtrdo,“
