3068 4996
660 276 788 340 -re
831 272 884 324 -‘

151 489 291 554 occurrit.
332 487 457 552 Primus
480 507 516 551 er
541 488 742 571 scriptoribus
767 488 971 571 posteriorum
995 493 1169 573 temporum
1186 492 1245 555 hac
1260 493 1380 556 ratione

145 595 274 660 ‘dicendi
309 595 403 660 latius
437 594 639 677 diffusiusque
674 596 771 660 utitur
807 594 937 674 Gellius,
973 598 1056 680 apud
1092 617 1185 679 quem
1219 599 1269 662 hio
1304 618 1380 663 usus

152 703 400 786 quattuordecim
411 703 486 768 locis
502 703 667 773 invenitur,
696 703 769 768 Loci
785 705 859 767 sunt
872 704 918 766 hi:
943 703 984 782 ll,
1004 707 1054 783 16,
1072 707 1106 779 83
1124 707 1176 783 20,
1195 708 1229 783 53
1250 684 1379 782 222&

152 811 333 891 1v‚e,e;
371 811 426 887 vr,
453 813 487 887 a,
514 813 571 887 223
609 809 668 890 ur,
696 813 728 889 1,
755 813 792 885 s;
829 809 920 888 mu,
944 814 979 888 e,
1005 796 1041 886 2;
1080 794 1197 890 11,r;
1234 814 1292 894 aa,
1319 815 1379 878 eo;

35 977 42 983 .
152 918 235 997 rau,
260 921 291 997 e,
319 919 374 991 ra
399 917 499 995 xvir,
526 919 577 995 ro,
605 920 745 995 re;1o‚
773 919 830 994 ra
854 918 924 996 rr,
951 921 978 996 1,
1006 921 1190 995 1231,37.
1291 958 1294 962 -

176 1071 177 1075 ’
232 1049 234 1055 ’
262 1061 322 1126 Hic
351 1064 419 1125 tam
447 1057 578 1126 ditiusus
610 1080 685 1125 usus
719 1065 827 1126 utrum
860 1080 896 1125 ex
924 1062 1093 1145 priscorum
1126 1063 1309 1146 scriptorum
1341 1082 1380 1126 an

148 1171 300 1235 'sermonis
318 1170 463 1235 cotidiani
479 1169 651 1233 imitatione
676 1169 874 1252 explicandus
899 1170 947 1246 sit,
972 1188 1117 1253 quaerere
1133 1169 1380 1252 supersedemus,

50 1305 53 1311 ·
152 1274 249 1359 ¹quum
272 1277 348 1360 ipsis
370 1278 474 1352 rebus,
500 1295 577 1357 quas
600 1278 726 1353 tractat,
752 1274 870 1340 Gellius
887 1277 925 1340 ad
939 1278 1023 1341 hunc
1037 1296 1131 1341 usum
1146 1277 1296 1359 pellectus
1313 1295 1380 1342 esse

152 1384 300 1450 videatur.
342 1384 424 1447 Nam
441 1402 537 1464 quum
551 1383 730 1465 saepissime
743 1384 913 1449 sententias
929 1383 1063 1448 veldicta
1074 1385 1210 1449 virorum
1223 1385 1381 1450 doctorum

151 1492 200 1555 vel
216 1494 404 1574 spriptorum
429 1492 648 1555 commemoret
670 1493 701 1554 et
718 1490 754 1554 de
769 1491 808 1554 iis
827 1490 899 1572 quid
925 1491 989 1575 ipse
1012 1493 1138 1570 sentiat,
1161 1492 1284 1571 indicet,
1310 1510 1382 1557 eum

152 1599 326 1683 ellipticum
346 1598 468 1680 „quod‘
485 1599 653 1681 particulae
668 1617 762 1663 usum
779 1603 940 1680 tantopere
956 1598 1100 1664 adamare
1116 1618 1178 1664 uon
1194 1600 1309 1664 mirum
1325 1604 1381 1666 est.

152 1707 240 1786 Quod
251 1707 362 1770 attinet
370 1706 410 1770 ad
418 1706 579 1771 modorum
588 1725 688 1778 usum,
699 1704 817 1770 Gellius
827 1706 969 1770 omnibus
977 1700 1052 1771 loeis
1060 1706 1262 1772 indicativum
1270 1707 1381 1790 posuit.

269 1850 326 1914 His
351 1850 461 1914 addere
484 1849 561 1912 mihi
576 1849 668 1912 liceat
691 1849 814 1931 saepius
836 1849 950 1913 iniuria
972 1851 1079 1915 aviris
1096 1850 1382 1933 doctiselliptioum

67 1945 70 1952 ’
153 1956 269 2041 „quodf‘
302 1939 474 2040 particulae
508 1976 601 2020 usum
637 1958 791 2020 statutum
828 1975 902 2021 esse.
959 1957 1004 2022 Ut
1039 1957 1210 2040 exemplum
1220 1988 1226 2001 -·
1246 1957 1381 2035 afferam,

151 2066 386 2131 Trasimennus
402 2065 422 2130 l.
439 2084 464 2129 o.
480 2083 550 2147 pag.
569 2067 611 2130 20
629 2083 666 2128 ex
682 2063 827 2129 Suetonio
843 2065 927 2128 huno
942 2065 1054 2128 locum
1068 2067 1211 2129 annotat:
1239 2063 1304 2130 Tib.
1323 2067 1380 2130 52:

151 2171 259 2253 „Quod
282 2191 353 2238 vero
377 2171 601 2237 Alexandream
624 2173 748 2255 propter
775 2171 961 2236 immensam
990 2173 1023 2236 et
1050 2170 1244 2254 repentinam
1267 2172 1381 2256 tamem

145 2281 326 2372 vinconsulto
354 2298 386 2344 se
416 2279 545 2357 odisset,
577 2279 705 2360 questus
735 2280 783 2342 est
805 2278 837 2341 in
866 2283 1003 2347 senat-ut
1050 2273 1117 2344 Hoc
1139 2278 1205 2343 loco
1233 2298 1294 2361 quo
1316 2280 1382 2344 iure

152 2386 268 2477 ellipsis
292 2386 469 2479 statuatur,
502 2405 564 2450 non
595 2386 696 2460 video;
729 2403 804 2450 nam
826 2384 977 2468 particula
998 2386 1127 2466 „quod‘
1160 2389 1233 2469 apta
1265 2388 1314 2452 est
1345 2406 1382 2450 ex

152 2494 251 2559 verbo
276 2495 425 2576 ,nuestus
456 2495 530 2557 est“.
577 2493 646 2557 Hoc
677 2492 894 2557 tantummodo
925 2493 983 2557 hoc
1012 2493 1078 2556 loco
1107 2492 1290 2557 insolentius
1322 2498 1378 2569 est,

153 2601 234 2684 quod
258 2600 458 2666 enuntiatum
481 2619 518 2664 ex
540 2599 657 2683 „quod‘
681 2618 867 2682 suspensum
890 2601 963 2664 ante
987 2600 1184 2663 enuntiatum
1200 2597 1382 2682 primarium
1431 2662 1435 2671 ,

152 2709 290 2793 positum
305 2711 362 2784 cst,
379 2726 441 2789 qua
456 2707 607 2790 positione
624 2707 753 2791 scriptor
769 2706 871 2784 elficit,
893 2708 930 2770 ut
946 2707 1107 2784 sententia,
1124 2724 1202 2790 quae
1219 2705 1381 2770 enuntiato

153 2815 334 2881 secundario
364 2815 552 2896 continetur,
589 2813 689 2895 magis
724 2817 872 2895 urgeatur
906 2817 938 2878 et
969 2813 1090 2878 facilius
1123 2812 1162 2876 ed
1194 2813 1381 2877 sententiam

154 2923 389 2989 antecedentem
411 2922 570 2987 reseratur.

264 3064 377 3130 Contra
422 3065 506 3129 idem
550 3064 788 3129 Traohmaunus
833 3063 946 3127 iniuria
984 3063 1221 3145 Baumgarten-
1235 3063 1381 3129 Crusium

152 3173 364 3258 reprehendit,
412 3171 494 3252 quod
540 3175 574 3235 A.
615 3172 664 3234 88*
704 3171 878 3253 ellipticum
924 3189 1015 3234 usum
1062 3171 1219 3248 statuerit,
1281 3169 1381 3235 Locus

153 3285 201 3345 est
228 3280 293 3343 hic:
330 3279 430 3355 „Nam
459 3276 540 3358 quod
569 3295 660 3360 saepe
689 3296 750 3341 nou
781 3278 902 3342 litteras
930 3277 1035 3354 modo,
1066 3277 1121 3341 sed
1148 3277 1285 3360 syllabas
1314 3296 1382 3359 per-

152 3389 256 3451 mutat
290 3386 344 3449 aut
376 3386 537 3467 praeterit,
573 3385 746 3449 eommunis
777 3383 939 3448 hominum
973 3403 1055 3448 error
1087 3386 1160 3449 est‘.
1213 3385 1264 3449 Ad
1298 3387 1382 3450 huno

153 3493 256 3570 locum
284 3494 415 3558 annotat
436 3491 686 3556 Trachmennus:
724 3492 922 3576 „Ellipticum
947 3492 1038 3555 illum
1061 3509 1156 3554 usum
1178 3492 1306 3556 minime
1329 3492 1381 3557 hio

154 3597 257 3665 locum
280 3601 393 3665 habere
417 3600 524 3663 statim
549 3599 722 3683 apparebit,
753 3619 824 3664 cum
855 3599 1007 3663 enuntiati
1032 3599 1220 3662 structuram
1243 3599 1327 3663 huno
1348 3600 1381 3663 iu

153 3706 281 3772 modum
312 3706 497 3772 mutaveris:
532 3708 637 3770 crebra
669 3725 730 3770 non
763 3706 939 3771 litterarum
962 3705 1068 3783 modo,
1104 3705 1158 3770 sed
1191 3706 1382 3788 syllabarum

153 3816 339 3899 permutatio
363 3816 418 3877 aut
440 3813 617 3895 praeteritio
640 3809 813 3876 communis
837 3813 997 3876 hominum
1022 3831 1105 3876 error
1127 3813 1208 3876 est“.
1248 3811 1308 3876 Sed
1324 3814 1382 3878 hac

153 3923 222 4006 ipsa
238 3941 274 3984 ex
289 3940 331 3997 re,
356 3920 437 4001 quod
452 3920 686 3984 drachmannus
711 3919 864 3983 enuntiati
888 3921 1078 3983 structuram
1093 3920 1177 3983 huno
1199 3921 1231 3982 in
1254 3920 1382 3984 modum

154 4027 335 4093 mutandam
367 4045 433 4091 esse
465 4031 583 4104 censet,
618 4029 746 4109 apparet
777 4026 948 4108 ellipticum
979 4045 1070 4089 usum
1098 4026 1149 4090 hic
1180 4025 1381 4091 statuendum

155 4153 229 4200 esse.
275 4134 359 4197 Nam
382 4134 459 4196 haec
482 4151 545 4211 res,
571 4133 652 4215 quod
676 4135 715 4211 is,
747 4134 784 4197 de
809 4152 869 4214 quo
893 4133 1020 4212 dieitur,
1045 4134 1166 4198 litteras
1191 4135 1223 4197 et
1245 4134 1382 4216 syllabas

154 4243 311 4325 permutet
335 4243 390 4303 aut
411 4242 569 4322 praeterit,
595 4259 675 4304 error
699 4239 915 4305 tantummodo
939 4242 1004 4305 eius
1028 4246 1088 4318 est,
1114 4241 1150 4305 de
1174 4260 1235 4322 quo
1259 4241 1380 4321 dicitur,

156 4366 215 4412 nou
239 4347 411 4412 eommunis
435 4347 595 4412 hominum
620 4367 714 4413 error.
765 4349 890 4432 Ellipsis
914 4349 958 4412 ita
983 4348 1131 4430 explenda
1154 4366 1221 4412 esse
1245 4347 1380 4411 videtur:

156 4455 239 4520 Nam
263 4455 350 4538 ,quod
387 4474 478 4538 saepe
512 4474 574 4519 non
607 4455 725 4520 litteras
760 4456 849 4520 modo
887 4456 941 4520 sed
973 4455 1109 4538 syllabas
1139 4456 1297 4537 permutat
1328 4457 1383 4518 aut

155 4563 313 4646 praeterit,
327 4563 404 4627 haee
414 4563 604 4645 permutatio
617 4565 672 4627 aut
684 4562 863 4648 praeteritio
876 4562 1047 4628 eommunis
1060 4561 1219 4625 hominum
1232 4581 1314 4626 error
1327 4564 1381 4626 est.
